4652 5800
2285 174 2366 236 10

1089 400 1117 444 e
1165 378 1422 462 quidem
1470 381 1863 462 Agamemno
1910 378 2103 463 culpa
2147 379 2444 441 carebat:
2522 399 2665 444 cum
2703 380 2936 446 Aulide
2988 380 3385 446 Graecorum
3432 403 3628 448 naves
3685 385 3979 453 adversis
4023 389 4231 452 ventis

1093 482 1283 545 hante
1328 478 1668 544 sacerdote
1711 479 2105 544 vaticinante
2149 480 2310 543 iram
2356 479 2706 544 Artemidis
2754 500 2877 545 non
2923 501 3118 564 posse
3164 483 3448 567 placari,
3494 484 3618 548 nisi
3662 486 4024 552 immolaret
4064 491 4232 570 Aga-

1134 580 1360 660 filiam,
1429 580 1819 664 aliquamdiu
1876 583 2220 646 recusabat
2283 582 2590 644 vaticinio
2649 583 3126 666 obtemperare,
3187 584 3339 661 quia
3381 583 3643 650 Themis
3689 589 4066 671 prohiberet
4109 588 4231 654 hoc

1089 701 1165 761 18,
1222 701 1304 747 ne
1348 682 1514 746 socii
1561 681 1812 745 domum
1857 681 2166 761 redirent,
2232 681 2380 763 ipse
2433 681 2704 763 gloriam
2759 703 2835 746 ac
2894 683 3273 764 dignitatem
3338 685 3684 766 amitteret,
3753 689 4009 754 tandem
4068 711 4107 752 a
4163 710 4233 754 se

1089 781 1331 846 ¹ilicium
1377 789 1636 866 pararet
1653 781 1735 862 ³);
1782 804 1859 847 ac
1906 783 2121 846 statim
2167 782 2393 864 genius
2438 782 2707 847 aedibus
2747 782 3032 848 infensus
3073 804 3214 848 eum
3256 785 3664 868 occupavit⁴)
3710 803 3906 871 atque
3947 787 4231 868 adduxit,

1134 881 1329 946 filiam
1386 904 1504 966 per
1555 883 1684 946 vim
1737 883 2014 947 vinciret
2066 889 2131 946 et
2185 881 2625 948 crudelissime
2677 895 2991 949 mactaret
3009 881 3077 962 ⁵).
3167 883 3352 961 Quod
3398 883 3635 951 factum
3681 908 3808 951 non
3853 889 4042 953 modo
4088 882 4229 969 Cly-

1107 1003 1187 1048 ne
1217 983 1450 1048 chorus
1475 984 1727 1066 quidem
1755 983 2004 1047 dubita-t
2029 982 2258 1067 culpae
2283 983 2440 1048 dare
2472 987 2643 1068 patri
2660 985 2732 1064 ⁶).
2795 984 3046 1050 Deinde
3089 984 3290 1048 Troia
3334 996 3706 1069 expugnata
3735 998 3977 1053 tantum
4008 991 4237 1054 aberat

1089 1084 1267 1148 oriae
1311 1091 1727 1167 temperaret,
1776 1097 1843 1148 ut
1885 1083 2148 1147 deorum
2194 1084 2435 1167 templa
2479 1105 2752 1167 arasque
2797 1096 3117 1150 everteret
3164 1096 3231 1150 et
3273 1085 3505 1151 multos
3549 1087 3838 1153 homines
3879 1091 4235 1154 trucidaret

1089 1203 1273 1266 >sque
1339 1185 1403 1248 in
1472 1185 1846 1250 servitutem
1899 1185 2133 1249 abduci
2189 1183 2522 1264 iuberet7).
2614 1184 2770 1248 Cum
2826 1195 3037 1250 autem
3097 1185 3355 1250 domum
3422 1186 3691 1267 rediret,
3760 1191 4110 1255 ambitione
4169 1200 4235 1254 et

1089 1305 1113 1348 s
1168 1304 1409 1348 summo
1466 1284 1711 1350 honore
1770 1285 1943 1350 affici
2005 1305 2075 1350 se
2129 1304 2359 1368 passus
2415 1297 2539 1364 est,
2609 1305 2735 1368 quo
2790 1286 2915 1350 soli
2972 1287 3075 1352 dei
3131 1286 3307 1370 digni
3363 1290 3669 1370 essentss).
3757 1293 4058 1355 Attamen
4105 1311 4229 1353 non

1089 1386 1348 1449 nitatem
1393 1387 1888 1467 Agamemnonis
1933 1406 2197 1470 augere:
2264 1405 2345 1448 an
2394 1386 2779 1466 dubitemne,
2826 1387 2976 1468 quin
3024 1388 3226 1451 virum
3273 1388 3573 1471 divu1n9),
3620 1390 3949 1454 custodem
3992 1411 4231 1473 regem·

1089 1489 1139 1551 ui
1173 1489 1404 1551 bonam
1439 1505 1596 1568 erga
1629 1487 1806 1552 cives
1848 1508 2006 1570 prae
2040 1507 2108 1552 se
2145 1485 2313 1551 ferat
2355 1486 2853 1567 voluntatemss),
2887 1507 3104 1553 omnes
3139 1508 3368 1571 magno
3403 1509 3619 1555 amore
3652 1491 3927 1574 amplexi
3970 1491 4235 1569 sint¹⁹)‘.’

1089 1595 1260 1653 strae
1306 1606 1462 1652 vero
1510 1594 1636 1650 tam
1680 1608 1918 1670 pravos
1963 1587 2256 1672 depinxit
2299 1597 2493 1669 poeta
2532 1606 2775 1663 morea,
2832 1599 2903 1651 ut
2948 1587 3322 1670 dignissima
3365 1589 3688 1670 videatur,
3735 1610 3900 1672 quae
3943 1590 4234 1656 omnibus

1096 1687 1194 1750 Ex
1235 1707 1360 1769 quo
1405 1691 1798 1770 Agamemno
1846 1686 2038 1750 filiam
2084 1695 2501 1766 mactaverat,
2547 1688 2753 1750 omnis
2799 1708 2956 1769 erga
2999 1691 3290 1754 maritum
3336 1691 3572 1754 amoris
3617 1689 3821 1755 oblita
3865 1691 3933 1754 id
3978 1693 4233 1773 agebat,

1089 1807 1162 1852 ae
1205 1788 1465 1854 caedem
1510 1786 2044 1858 ulciscereturffi).
2107 1786 2262 1850 Cum
2288 1787 2559 1870 primum
2592 1796 2800 1853 autem
2832 1789 3104 1852 animum
3128 1789 3382 1854 induxit
3414 1796 3950 1873 Agamemnonem
3978 1810 4234 1872 necare,

1089 1888 1309 1952 idiuvit
1352 1888 1543 1972 eique
1588 1889 1934 1972 persuasit,
1981 1888 2443 1952 neconsilium
2487 1886 2645 1950 illud
2692 1889 3101 1971 abiceret¹⁴);
3150 1900 3343 1972 atque
3386 1891 3638 1956 ardenti
3691 1891 3950 1955 ultionis
3996 1892 4236 1974 cupidi·

1089 1994 1156 2050 ut
1193 1988 1488 2052 adultera
1526 1988 1901 2072 Aegisthum
1945 1988 2011 2050 in
2055 1987 2306 2051 domum
2354 2008 2531 2051 suam
2578 1989 2923 2071 reciperet,
2981 1991 3132 2072 quia
3177 1991 3438 2054 caedem
3484 1993 3740 2075 paranti
3785 1991 4032 2055 mulieri
4076 2012 4237 2075 opus

1089 2086 1214 2170 ›¹5).
1302 2089 1652 2173 Praeterea
1696 2109 1893 2176 aegre
1935 2087 2209 2168 ferebat,
2256 2088 2427 2172 quod
2473 2109 2588 2174 per
2630 2088 2888 2170 longum
2934 2100 3181 2173 tempus
3228 2090 3368 2155 sola
3406 2092 3640 2156 relicta
3680 2091 3971 2154 omnibus
4019 2093 4235 2175 volup-

1121 2210 1262 2252 cum
1309 2193 1699 2274 Agamemno
1743 2192 1811 2254 in
1856 2190 2089 2253 castris
2136 2189 2585 2271 pulcherrimis
2630 2189 3035 2253 familiariter
3074 2199 3360 2255 uteretur
3406 2190 3657 2255 seminis
3677 2190 3793 2271 17);
3838 2190 3953 2254 sed
3998 2210 4235 2255 vesana

1089 2391 1268 2454 imvis
1298 2391 1494 2473 igitur
1523 2411 1815 2473 magnam
1862 2409 2123 2473 operam
2173 2390 2373 2471 daret,
2420 2399 2489 2455 ut
2519 2403 2585 2454 et
2629 2390 2964 2454 consilium
3004 2392 3500 2473 Agamemnonis
3544 2391 3971 2457 interficiendi
4018 2402 4084 2456 et
4134 2390 4238 2454 ad·

1089 2578 1194 2702 neg
1259 2559 1534 2703 ἓῧῐοὴθη,
1602 2560 1712 2619 der
1771 2558 1894 2619 ihm
1961 2558 2070 2618 der
2138 2557 2421 2619 ‹jottheit
2485 2559 2793 2638 wiirdiger
2861 2557 3126 2622 schien.“
3217 2561 3311 2624 Cf.
3356 2560 3603 2621 Dronke
3648 2561 3687 2623 l.
3735 2561 3773 2622 l.
3818 2581 3877 2640 p.
3917 2557 4019 2622 21.
4084 2557 4238 2623 508.
4350 2626 4353 2630 Α

1089 2730 1203 2806 Ag.
1255 2724 1372 2786 175
1397 2744 1477 2790 88.

1089 2815 1199 2890 Ag.
1252 2807 1369 2870 193
1391 2832 1470 2874 ss,
1559 2806 1911 2880 201-204,
1957 2809 2058 2889 qui
2102 2829 2318 2871 versus
2364 2810 2653 2890 leguntur
2702 2819 2945 2871 auctore
2992 2809 3227 2873 Keckio
3272 2812 3341 2894 (l.
3389 2813 3427 2876 l.
3478 2833 3534 2891 p.
3580 2808 3700 2871 251
3728 2811 3836 2891 8.);

1212 2892 1588 2974 παυσανέμου
1631 2892 1743 2975 γὰρ
1789 2892 1988 2961 θυσίας
2027 2890 2035 2975 Ι
2079 2893 2394 2974 παρθενίου
2444 2894 2500 2957 θ’
2545 2892 2786 2977 αἵματος
2833 2892 2936 2975 ὀρ-

1218 2982 1297 3058 γᾷ
1339 2977 1660 3059 περιόργως
1702 2976 1770 3039 δέ
1813 2978 1863 3055 γ’
1910 2977 2104 3039 ἀπαυ-
2148 2978 2156 3057 Ι
2195 2979 2272 3060 δᾷ
2319 2977 2525 3061 Θέμις·
2576 2976 2644 3041 εὖ
2687 2977 2798 3061 γὰρ
2843 2976 2951 3060 εἴη.

1089 3064 1202 3141 Ag.
1253 3060 1474 3124 19988.
1521 3061 1746 3126 2118.;
1821 3058 1966 3123 ἔτλα
2021 3059 2180 3123 δὀὖν
2239 3065 2423 3145 θυτὴρ
2476 3062 2745 3144 γενέσθαι
2811 3062 3101 3146 θυγατρὸς
3140 3061 3150 3146 Ι
3188 3061 3637 3145 γυναικοποίνων
3697 3061 3976 3144 πολέμων
4022 3059 4247 3143 ἀρωγαὶ

1090 3232 1208 3310 Ag.
1260 3227 1487 3293 209ss,
1555 3228 1839 3313 ,βροτοὺς
1895 3230 2168 3313 θρασύνει
2221 3229 2333 3313 γὰρ
2402 3227 2781 3312 αἰσχρόμητις
2822 3229 2830 3277 ¹
2871 3230 3112 3292 τάλαινα
3188 3230 3505 3313 παρακοπὰ
3561 3226 4039 3315 πρωτοπήμων.“
4150 3227 4241 3289 Cf.

1089 3335 1120 3376 ι.

1089 3402 1200 3478 Ag.
1247 3395 1602 3460 214-235,
1648 3395 1792 3460 943.
1844 3395 2103 3459 137888.
2158 3395 2339 3460 1394.
2392 3395 2575 3460 1489.
2630 3395 2812 3461 1522.
2867 3430 2945 3441 -
2994 3397 3087 3461 Cf.
3133 3397 3381 3480 Gruppe
3428 3399 3694 3459 Ariadne
3739 3419 3795 3478 p.
3840 3395 3969 3458 570
3990 3416 4066 3459 8.;
4127 3393 4247 3468 „So

1089 3485 1203 3543 ahts
1247 3482 1520 3563 weniger
1563 3483 1654 3542 als
1696 3481 2030 3561 freiwillig3
2084 3483 2171 3543 sie
2215 3482 2369 3541 wird
2416 3502 2552 3541 zum
2597 3481 2770 3541 Altar
2822 3482 3197 3564 geschleppt,
3244 3486 3332 3542 sie
3376 3483 3501 3542 will
3546 3483 3861 3564 sprechen,
3892 3481 4063 3552 ,aber
4105 3495 4244 3539 man

1089 3587 1111 3626 ι
1155 3566 1374 3638 Mund,
1447 3568 1566 3626 und
1612 3587 1726 3626 nur
1769 3567 1879 3625 mit
1922 3567 2177 3627 Blicken
2224 3567 2389 3626 kann
2436 3566 2523 3625 sie
2567 3567 2665 3626 die
2710 3566 3153 3628 umstehenden
3200 3587 3335 3627 zum
3381 3567 3613 3627 Mitleid
3662 3568 3958 3645 bewegen
4006 3563 4245 3634 wolIen,

1089 3650 1220 3711 ch.“
1309 3649 1400 3713 Cf.
1446 3649 1868 3730 Naegelsbach
1911 3650 1950 3713 l.
1983 3651 2021 3709 l.
2054 3671 2112 3732 p.
2146 3648 2205 3713 6.
2295 3651 2675 3712 Schoemann
2708 3650 2765 3712 d.
2797 3652 3018 3710 Aesch.
3066 3649 3241 3715 Eum.
3290 3672 3345 3732 p.
3392 3649 3450 3713 3.
3539 3650 3803 3711 Grieben
3847 3650 3923 3709 de
3955 3647 4248 3728 Aeschyli

1089 3732 1173 3795 26
1261 3781 1275 3795 .
1326 3733 1422 3794 12.
1513 3734 1686 3795 Keck
1733 3734 1768 3798 l.
1819 3735 1857 3796 1.
1949 3782 1962 3796 .
2007 3732 2107 3796 67.
2244 3741 2248 3747 ’

1089 3756 1379 3896 Ag.pl4O
1401 3840 1448 3880 8.
1494 3816 1639 3882 216.
1684 3815 1825 3880 223.
1875 3756 1999 3879 2128
2024 3838 2102 3882 88.
2149 3814 2274 3879 234
2298 3838 2344 3877 8.
2437 3816 2528 3880 Cf.
2577 3815 3000 3898 Naegelsbach
3051 3818 3088 3882 l.
3137 3818 3174 3880 l.
3222 3839 3281 3899 p.
3329 3816 3386 3882 6.
3478 3816 3648 3880 Keck
3695 3819 3732 3883 l.
3783 3818 3819 3881 l.
3866 3838 3922 3898 p.
3972 3816 4069 3877 61.

1089 3905 1201 3982 Ag.
1247 3900 1367 3961 311
1395 3923 1473 3965 88.
1517 3900 1746 3966 44088.
1791 3900 2018 3965 50388.
2065 3900 2189 3962 684
2209 3924 2256 3965 8.
2305 3899 2429 3962 785
2458 3923 2537 3963 88.

1089 4008 1170 4065 ig.
1218 3985 1444 4049 91188.
1536 3987 1628 4052 Of.
1677 3986 1848 4048 Keck
1894 3987 1931 4049 l.
1981 3987 2016 4046 l.
2071 4007 2128 4067 p.
2183 3985 2319 4047 125.

1089 4074 1204 4150 Ag.
1256 4068 1438 4133 1512.

1097 4156 1216 4235 Ag.
1265 4153 1447 4218 1415.

1089 4242 1209 4318 Ag.
1255 4236 1482 4303 81188.
1572 4236 1662 4303 Cf.
1708 4235 1972 4299 Grieben
2019 4238 2059 4300 l.
2106 4237 2143 4300 l.
2186 4257 2243 4317 Ρ.
2293 4235 2351 4296 8.

1093 4324 1209 4402 Ag.
1263 4319 1440 4385 1483.
1493 4320 1756 4384 151388.

1089 4410 1207 4485 Ag.
1257 4404 1437 4471 1378.
1489 4404 1670 4469 1394.
1721 4401 1903 4467 1490.
1993 4403 2084 4467 Cf.
2131 4402 2363 4464 Teuffel
2417 4403 2567 4463 iiber
2624 4403 2722 4464 die
2779 4403 3050 4484 aeschyl.
3095 4403 3438 4465 Promethie
3494 4422 3551 4465 u.
3596 4401 3839 4463 Orestia
3884 4400 4035 4465 Tub.
4087 4399 4243 4463 1861

1092 4491 1148 4554 h.
1195 4493 1315 4571 Ag.
1359 4511 1418 4571 Ρ.
1461 4488 1516 4550 8.
1564 4488 1664 4553 22.
1735 4487 1978 4549 Nitzsch
2025 4487 2168 4568 Sag.
2214 4488 2272 4550 d.
2316 4486 2425 4552 (air.
2469 4508 2527 4568 p.
2572 4485 2717 4548 253.
2788 4486 3059 4548 Klausen
3106 4488 3327 4547 Aesch.
3380 4489 3499 4567 Ag.
3545 4509 3602 4567 p.
3635 4485 3880 4551 XVIII.
3950 4485 4250 4565 Naegels-

1089 4659 1206 4738 Ag.
1254 4656 1416 4719 1445
1439 4677 1518 4719 88.
1568 4653 1725 4717 1467
1753 4677 1833 4719 88.

1095 4747 1212 4822 Ag.
1258 4740 1418 4803 1397
1445 4762 1524 4804 88.
1614 4741 1705 4803 Cf.
1753 4740 1926 4801 Keck
1968 4741 2185 4803 Aesch.
2238 4742 2357 4820 Ag.
2404 4759 2463 4819 p.
2510 4733 2611 4800 22.
2702 4738 3127 4819 Naegelsbach
3174 4738 3213 4800 l.
3262 4738 3299 4800 l.
3347 4758 3403 4818 p.
3450 4735 3557 4802 34.

1089 4824 1355 4907 Choeph.
1401 4823 1546 4887 908.

1089 4916 1208 4990 Ag.
1260 4907 1419 4970 1402
1443 4931 1489 4969 8.
1544 4906 1727 4970 1409.

1108 5016 1162 5057 v.
1210 4993 1545 5055 Humboldt
1588 5013 1718 5073 geS.
1773 4992 1869 5053 W.
1911 4991 1977 5053 T.
2024 4989 2124 5050 ΙΙΙ
2169 5012 2226 5071 p.
2264 4991 2337 5050 4:
2386 4988 2614 5064 „Einer
2661 4989 3097 5051 Leidenschat't
3136 5010 3208 5049 zu
3256 4990 3581 5069 Aegisthos
3628 4988 3779 5048 wird
3810 4985 4100 5067 nirgends
4143 5007 4249 5067 ge-

1089 5079 1262 5139 ·ierde
1307 5078 1432 5139 sich
1477 5098 1551 5138 zu
1594 5077 1816 5138 rachen
1865 5076 1969 5135 hat
2014 5074 2188 5136 beide
2235 5075 2609 5138 verbunden.
2659 5075 3190 5155 ‘Clytaemnestra
3220 5074 3501 5134 erwahnt
3544 5073 3745 5133 seiner
3788 5090 3904 5131 nur
3946 5070 4037 5131 als
4082 5072 4250 5131 eines

1089 5163 1366 5225 Stiitze.“
1471 5197 1527 5207 -
1614 5160 1860 5222 Dronke
1902 5159 1941 5223 l.
1986 5160 2027 5222 l.
2075 5181 2133 5240 p.
2176 5156 2363 5221 50s.:
2435 5157 2631 5230 „Eine
2693 5159 3058 5238 Benutzung
3110 5158 3219 5217 des
3266 5156 3713 5217 Verhaltnisses
3758 5156 4060 5217 zwischen
4107 5154 4249 5235 Cly-

1089 5246 1336 5327 =gisthos
1381 5281 1464 5290 —-
1498 5245 1666 5305 hiitte
1707 5263 1822 5325 gar
1867 5244 2086 5305 keinen
2134 5243 2668 5323 Zusammenhang
2708 5243 2820 5303 mit
2860 5243 2995 5302 dem
3049 5242 3274 5303 Wesen
3317 5242 3427 5302 des
3470 5240 4099 5302 Geschlechtsfluches
4145 5258 4250 5318 ge-

1093 5331 1274 5392 sbach
1323 5332 1360 5394 1.
1408 5330 1448 5392 l.
1538 5328 1809 5390 Klausen
1854 5328 2072 5392 Aesch.
2123 5330 2240 5408 Ag.
2285 5347 2344 5409 p.
2372 5324 2614 5391 XVIII.
2682 5325 2928 5387 Nitzsch
2973 5325 3119 5406 Sag.
3144 5326 3201 5388 d.
3230 5324 3337 5389 Gr.
3381 5346 3440 5406 p.
3463 5322 3608 5389 523.
3662 5324 3909 5386 Dronke
3942 5323 3980 5387 l.
4008 5324 4108 5404 l.p.
4143 5320 4247 5385 50.
