4652 5800
2376 192 2458 254 22

508 398 773 462 sentiam
820 402 1232 478 augurantem
1280 403 1647 458 excusatam
1689 394 1896 459 voluit
1937 395 2303 479 Aeschylus
2353 394 2930 473 vehementissima,
2988 412 3116 474 qua
3158 394 3483 458 concitata
3525 400 3688 476 erat,
3755 393 3947 457 animi
3987 396 4314 478 perturba·

502 496 730 562 tione?
775 494 987 572 Quare
1032 515 1155 559 non
1203 494 1425 558 dubito
1470 514 1684 560 eorum
1729 496 2009 579 probare
2054 498 2450 577 sententiam,
2498 496 2605 579 qui
2652 494 2717 557 id
2763 493 2931 577 quod
2974 494 3137 559 vitio
3184 496 3268 557 ab
3313 493 3620 576 Euripide
3664 504 3950 559 vertatur
3994 498 4314 581 Aeschylo

506 596 678 660 laudi
726 598 942 680 potius
990 595 1261 659 dandum
1309 614 1452 659 esse
1497 596 1877 675 existiment,
1923 596 2165 680 quippe
2210 599 2319 681 qui
2364 606 2630 662 naturae
2673 596 2984 659 humanae
3027 597 3505 660 observatorem
3547 615 3618 659 se
3648 598 4045 679 praestiterit
4087 602 4313 664 acutis·

507 699 747 778 simum,
794 697 1176 761 imitatorem
1223 694 1781 778 prudentissimum
1800 695 1867 776 1).

801 795 1053 860 Deinde
1096 793 1571 878 respiciendum
1608 805 1708 859 est
1749 816 1976 859 novum
2023 796 2179 860 illud
2226 796 2585 877 consilium,
2653 797 2825 878 quod
2878 794 3168 860 Orestem
3223 802 3289 859 et
3342 795 3663 860 Electram
3707 796 3928 862 iniisse
3971 797 4310 884 Euripides

503 898 796 978 tradidit,
864 896 1162 977 quoniam
1214 895 1275 958 ei
1328 896 1673 958 constabat
1727 897 2103 977 Aegisthum
2161 903 2227 963 et
2282 897 2850 980 Clytaemnestram
2907 916 3030 960 non
3087 915 3230 961 esse
3282 896 3763 962 interficiendos
3816 899 3881 961 in
3939 898 4082 981 ipsa
4132 902 4308 966 urbe.

506 999 663 1063 Cum
701 997 1117 1083 paedagogus
1164 995 1431 1059 dixisset
1472 995 1843 1076 Aegisthum
1890 996 2033 1080 ipso
2077 996 2192 1060 illo
2238 996 2344 1061 die
2387 1015 2496 1059 rus
2541 1005 2870 1061 venturum
2918 1016 3092 1076 esse,
3161 1003 3231 1060 ut
3286 997 3352 1059 in
3408 996 3562 1060 villa
3617 1018 3732 1061 sua
3788 998 3958 1062 haud
4003 1001 4228 1082 procul
4271 1022 4310 1064 a

505 1099 691 1162 domo
736 1096 1067 1179 agricolae
1112 1107 1176 1159 et
1221 1095 1524 1161 Electrae
1568 1098 1694 1160 sita
1738 1096 2122 1161 sacrificium
2168 1098 2459 1181 nymphis
2505 1096 2764 1174 faceret,
2809 1097 3377 1180 Clytaemnestram
3408 1110 3764 1162 secuturam
3799 1118 3958 1179 esse,
4005 1109 4073 1164 ut
4102 1101 4307 1185 epulis

504 1197 777 1277 adesset,
825 1195 1087 1261 Orestes
1133 1198 1465 1260 constituit
1506 1198 1934 1261 immolantem
1978 1198 2246 1280 aggredi
2291 1197 2707 1280 Aegisthum,·
2733 1199 2834 1261 eui
2880 1218 3024 1263 sese
3066 1218 3188 1261 non
3237 1218 3379 1263 esse
3409 1199 3472 1262 in
3515 1198 3942 1282 suspicionem
3975 1209 4307 1264 venturum

506 1298 894 1380 speraret²);
961 1306 1029 1361 at
1072 1296 1619 1379 Clytaemnestrae
1662 1295 1925 1360 Electra
1969 1297 2137 1361 domi
2183 1317 2340 1363 suae
2382 1297 2650 1362 insidias
2693 1313 3000 1382 paratura
3041 1317 3157 1381 per
3199 1298 3641 1382 paedagogum
3684 1298 4003 1363 nuntiavit
4045 1318 4116 1362 se
4160 1310 4307 1365 ante

504 1398 817 1463 decimum
861 1397 1028 1461 diem
1073 1400 1341 1480 primum
1386 1397 1747 1480 peperisse:
1796 1417 2066 1479 namque
2110 1417 2234 1460 non
2281 1398 2637 1472 dubitabat,
2686 1399 2836 1481 quin
2867 1408 3070 1461 mater
3107 1417 3184 1463 eo
3213 1400 3433 1462 nuntio
3477 1399 3674 1462 allato
3714 1418 3861 1462 mox
3904 1410 4077 1464 esset
4119 1399 4307 1464 advo-

501 1496 794 1574 latura3).
863 1496 944 1560 Et
987 1518 1298 1581 prospere
1336 1518 1441 1562 res
1468 1498 1710 1562 evenit:
1757 1497 1939 1579 prior
1969 1497 2335 1579 Aegisthus,
2379 1499 2703 1583 posterior
2744 1498 3250 1582 Clytaemnestra
3279 1497 3675 1562 occiduntur.
3743 1499 4091 1582 Aegisthus
4121 1501 4302 1583 enim,

506 1618 647 1663 cum
691 1596 985 1662 Orestem
1030 1612 1095 1661 et
1136 1598 1439 1680 Pyladem
1480 1599 1752 1665 vidisset
1794 1598 2175 1663 accedentes
2222 1606 2287 1662 et
2315 1598 2660 1663 Thessalos
2706 1618 2847 1663 csse
2892 1600 3266 1682 accepisset,
3311 1599 3485 1663 nulla
3528 1600 3893 1685 suspicione
3936 1619 4048 1664 eos
4079 1600 4302 1665 adhor-

504 1707 701 1778 tatus,
772 1705 844 1761 ut
888 1698 1209 1763 sacrificio
1260 1700 1666 1781 interessent,
1731 1703 1813 1765 ab
1858 1700 2088 1764 Oreste
2135 1700 2392 1782 petivit,
2451 1708 2522 1763 ut
2563 1700 2889 1762 victimam
2934 1698 3283 1779 scinderet,
3350 1700 3418 1763 id
3463 1699 3630 1783 quod
3675 1699 4022 1765 Thessalos
4067 1700 4306 1785 optime

509 1801 678 1864 scire
722 1799 880 1863 satis
927 1810 1270 1865 constaret.
1358 1801 1497 1879 Qua
1540 1822 1611 1865 re
1658 1801 1956 1867 celeriter
2003 1800 2326 1880 confecta,
2396 1819 2535 1862 cum
2592 1798 2938 1883 Aegisthus
2985 1817 3218 1883 eorpus
3262 1800 3572 1875 flecteret,
3640 1809 3710 1864 ut
3752 1808 3900 1864 exta
3941 1801 4305 1866 accuratius

509 1910 863 1984 spectaret,
924 1901 1150 1983 quibus
1209 1901 1481 1966 adversa
1535 1900 1827 1985 praedici
1886 1901 2008 1966 sibi
2062 1899 2458 1981 viderentur,
2516 1902 2597 1964 ab
2653 1899 2882 1964 Oreste
2927 1900 3137 1963 securi
3184 1899 3560 1981 profligatus
3606 1907 3721 1964 est.
3809 1899 4030 1989 Servis
4075 1910 4302 1973 autem.

506 2001 614 2083 qui
658 2010 963 2084 pararent
1005 2001 1241 2066 domini
1287 2002 1550 2067 caedem
1595 2000 1833 2080 ulcisci,
1878 2002 2091 2065 statim
2135 2001 2390 2083 aperuit
2433 2000 2629 2064 filium
2675 2020 2744 2066 se
2782 2019 2925 2064 esse
2957 2000 3447 2081 Agamemnonis
3492 2001 3574 2063 ab
3603 2002 3916 2084 Aegistho
3947 2001 4300 2067 miserrime

503 2100 835 2165 trucidati:
914 2121 1111 2183 quare
1157 2123 1235 2167 ne
1280 2102 1646 2167 dubitarent
1691 2102 1814 2165 sibi
1860 2100 2334 2183 obtemperare,
2399 2101 2506 2183 qui
2557 2110 2892 2186 paternum
2944 2118 3205 2180 regnum
3257 2107 3748 2183 recuperaturus
3794 2102 3997 2183 patris
4044 2101 4303 2167 caedem

504 2203 643 2265 iure
686 2201 854 2264 ultus
902 2199 1161 2282 esset4).
1231 2202 1471 2279 Quibus
1518 2202 1732 2267 verbis
1779 2222 1921 2266 eum
1965 2202 2389 2284 impetrasset,
2437 2209 2508 2265 ut
2550 2202 2718 2266 servi
2766 2201 3081 2265 dominum
3122 2201 3330 2283 ipsum
3377 2200 3872 2281 consalutarent,
3921 2220 4062 2265 cum
4099 2203 4303 2267 amico

505 2301 804 2366 Electrae
835 2300 1083 2364 domum
1118 2303 1368 2385 ingredi
1414 2304 1773 2384 maturavit,
1820 2304 1926 2366 ubi
1971 2301 2521 2385 Clytaemnestrae
2564 2320 2782 2366 manus
2825 2302 3107 2366 inferret.
3182 2300 3419 2363 Verum
3451 2302 3615 2365 enim
3646 2321 3802 2366 vero
3834 2301 4144 2384 Orestem,
4189 2304 4308 2367 etsi

507 2402 999 2466 audacissimum
1065 2422 1378 2487 manuque
1443 2403 1851 2469 fortissimum
1907 2412 1972 2468 et
2036 2404 2218 2487 quasi
2275 2403 2531 2468 heroem
2590 2422 2660 2467 se
2714 2403 3128 2486 praestiterat
3182 2411 3311 2465 tum
3364 2421 3506 2466 eum
3552 2402 3923 2483 Aegisthum
3969 2403 4309 2483 necavit5),

511 2514 717 2568 tamen
764 2503 1206 2568 abhorrentem
1251 2504 1538 2570 videmus
1583 2505 1665 2567 ab
1710 2502 2065 2567 occidenda
2113 2514 2340 2568 matre:
2386 2504 2549 2568 adeo
2595 2504 2914 2588 probabat
2949 2499 3289 2583 Euripides
3335 2501 3509 2580 illud,
3555 2502 3730 2585 quod
3778 2502 4131 2585 Aeschylus
4177 2522 4311 2567 sen·

505 2605 741 2683 tiebat,
806 2602 947 2668 fieri
989 2623 1116 2666 non
1160 2623 1354 2686 posse
1398 2617 1467 2669 ut
1510 2606 1842 2688 quisquam
1886 2610 2014 2667 tam
2062 2624 2261 2688 grave
2306 2605 2519 2669 scelus
2567 2604 2775 2667 animo
2821 2601 3166 2685 tranquillo
3212 2604 3658 2668 committeret.
3756 2602 3890 2666 Iam
3941 2604 4307 2687 priusquam

512 2703 1021 2787 Clytaemnestra
1046 2702 1343 2770 Electrae
1387 2704 1635 2769 domum
1680 2703 1962 2785 intravit,
2008 2704 2271 2770 Orestes
2313 2706 2523 2768 animo
2563 2704 2926 2769 haesitabat
2966 2703 3358 2767 interficeret
3401 2711 3662 2768 matrem
3711 2722 3931 2780 necne,
3978 2704 4129 2786 quia
4170 2722 4306 2787 per-

510 2824 763 2869 suasum
819 2805 878 2870 ei
935 2814 1078 2869 erat
1145 2803 1323 2869 nefas
1386 2826 1527 2870 esse
1580 2804 1714 2868 filio
1780 2813 2042 2870 matrem
2111 2803 2559 2886 interime1·e⁶).
2669 2804 2827 2868 Cum
2885 2810 3091 2868 autem
3145 2810 3348 2869 mater
3397 2803 3631 2868 callido
3684 2803 3984 2869 Electrae
4039 2803 4309 2868 consilio

513 2906 783 2989 decepta
832 2904 1135 2969 sollemne
1181 2905 1562 2971 sacrificium
1611 2926 1680 2971 se
1725 2927 1868 2972 esso
1924 2906 2232 2971 facturam
2288 2907 2715 2993 promisisset,
2783 2905 3046 2970 Orestes
3097 2907 3207 2969 vix
3263 2906 3538 2969 audebat
3592 2915 3816 2970 contra
3863 2915 4124 2970 matrem
4171 2924 4313 2968 con·

510 3007 740 3069 sistere
783 3012 893 3068 aut
935 3024 1253 3085 mammae,
1300 3025 1457 3088 quas
1500 3006 1613 3070 illa
1655 3007 1996 3090 protendit,
2043 3009 2439 3091 conspicere,
2485 3006 2713 3071 nedum
2757 3006 3102 3089 tranquillo
3147 3006 3356 3071 animo
3387 3006 3605 3070 matris
3648 3011 3872 3089 pectus
3906 3005 4308 3088 confoderet3

514 3106 628 3171 sed
687 3125 727 3169 a
774 3123 995 3170 sorore
1049 3105 1241 3170 etiarn
1295 3113 1490 3189 atque
1542 3107 1731 3171 etiam
1788 3108 2118 3189 incitatuS,
2185 3128 2350 3191 quae
2402 3118 2469 3172 et
2518 3108 2663 3191 ipsa
2719 3106 3004 3190 gladium
3061 3105 3562 3191 comprehendit,
3631 3109 3846 3191 capite
3896 3107 4114 3171 velato
4170 3104 4312 3188 cly-

514 3213 961 3271 taemnestram
1006 3205 1333 3289 occidit7).

808 3306 944 3368 lam
992 3327 1072 3371 ex
1117 3326 1214 3388 ee,
1261 3307 1431 3389 quod
1477 3308 2126 3389 commemoravimuS,
2171 3308 2460 3390 intellegi
2505 3305 2661 3373 licet
2697 3308 2921 3372 mirum
2951 3315 3249 3390 quantum
3280 3307 3522 3387 abesse,
3566 3315 3639 3371 ut
3670 3306 4011 3390 Euripides
4043 3304 4305 3369 Homeri

517 3415 583 3471 et
626 3405 966 3491 Sophoclis
1011 3408 1453 3472 auctoritatem
1500 3422 1755 3472 secutus
1799 3410 1920 3488 sit,
1988 3410 2228 3493 quippe
2282 3410 2392 3493 qui
2443 3407 2803 3472 iudicarent
2857 3406 3177 3483 Orestem,
3245 3427 3384 3471 cum
3440 3427 3679 3471 summo
3730 3409 3870 3471 iure
3920 3406 4090 3469 ultus
4145 3410 4318 3468 esset

522 3515 798 3592 patrem,
867 3508 1055 3589 culpa
1097 3526 1333 3571 vacare
1374 3527 1581 3591 neque
1624 3503 1883 3591 dignum
1927 3529 2087 3590 esse,
2132 3511 2242 3593 qui
2287 3529 2497 3595 poena
2542 3507 2934 3589 afficeretur3
2990 3508 3105 3573 sed
3146 3527 3275 3572 non
3318 3507 3524 3571 minus
3569 3528 3755 3590 quam
3798 3504 4155 3585 Aeschylus
4197 3521 4317 3585 pro

513 3607 850 3691 explorato
894 3606 1172 3671 habebat
1216 3606 1557 3692 Eur'pides
1601 3611 2043 3691 gravissimum
2089 3610 2299 3674 scelus
2345 3609 2737 3674 commisisse
2777 3607 3096 3689 Orestem,
3170 3628 3310 3672 eum
3353 3615 3620 3672 matrem
3675 3604 4057 3687 caederetss).
4154 3601 4316 3680 Quin

817 3808 862 3886 1)
910 3806 1000 3868 Cf.
1045 3805 1309 3867 Grieben
1353 3806 1392 3871 l.
1439 3809 1479 3872 l.
1520 3830 1576 3890 p.
1626 3805 1730 3875 14:
1807 3829 2026 3891 „quam
2085 3808 2641 3893 (praesagitionem)
2698 3810 3016 3893 Euripides
3067 3808 3127 3869 in
3185 3807 3432 3869 Electra
3483 3825 3594 3868 sua
3647 3805 3848 3868 nescio
3901 3823 4018 3885 quo
4073 3804 4203 3864 iure
4245 3807 4314 3863 ut

510 3893 779 3973 ineptam
823 3899 886 3951 et
928 3890 1203 3950 stolidam
1249 3892 1537 3955 notavit.“
1630 3894 1926 3957 Wissowa
1970 3896 2008 3958 l.
2055 3894 2095 3960 l.
2140 3916 2197 3977 p.
2250 3892 2328 3954 12
2351 3914 2431 3959 8.;
2504 3894 2830 3976 „Cupidius
2885 3912 3087 3973 quam·
3118 3892 3320 3953 verius
3376 3889 3701 3972 Euripides
3741 3910 3832 3952 vs.
3876 3885 4006 3949 520
4048 3909 4136 3968 sq.
4181 3905 4314 3969 per·

515 3975 761 4037 strinxit
806 3975 910 4035 illa
956 3975 1158 4034 fratris
1201 3977 1598 4054 cognoscendi
1645 3980 1719 4037 ab
1761 3979 2070 4059 Aeschylo
2116 3987 2405 4060 usurpata
2444 3978 2824 4039 adminicula.
2912 3976 3067 4037 Nam
3112 3984 3280 4037 certe
3336 3994 3454 4036 non
3497 3974 3695 4034 ubivis
3738 3974 4054 4034 inventum
4096 3971 4317 4032 cincin-

512 4081 678 4134 num,
724 4060 934 4121 eoloris
978 4076 1145 4118 mera
1188 4058 1573 4121 similitudine
1618 4061 1799 4123 ducta
1842 4062 2046 4123 fratris
2088 4063 2269 4143 capiti
2312 4062 2630 4123 detonsum
2673 4060 2920 4122 Electra
2960 4061 3324 4142 putavisset:
3392 4068 3455 4122 at
3499 4058 3563 4118 in
3610 4060 3837 4120 tumulo
3876 4056 4065 4137 patris
4115 4072 4315 4136 reper-

515 4155 615 4206 tus
660 4153 787 4218 est,
860 4161 1039 4223 quem
1082 4162 1256 4203 nemo
1299 4143 1521 4204 civium
1563 4165 1778 4206 ornare
1820 4164 1966 4226 prae
2009 4155 2171 4207 metu
2218 4145 2503 4209 audebat.
2591 4145 2787 4215 Quem
2841 4145 3027 4224 igitur
3075 4142 3398 4204 verisimile
3450 4153 3586 4208 erat
3626 4142 3737 4203 hoc
3779 4141 4077 4201 facturum
4124 4138 4309 4199 fuisse

513 4236 757 4311 praeter
802 4227 1070 4299 fratrem,
1115 4227 1467 4306 praesertim
1514 4249 1649 4290 cum
1693 4230 1891 4310 capilli
1935 4230 2095 4291 color
2139 4229 2321 4291 etiam
2353 4229 2800 4310 congrueret?“
2864 4227 2957 4290 cf.
2982 4227 3274 4289 Bliimner
3296 4226 3393 4288 die
3415 4224 3563 4288 Idee
3586 4227 3644 4289 d.
3670 4224 3935 4287 Schieks.
3961 4221 4119 4305 p.51
4146 4222 4223 4288 A.
4246 4217 4308 4286 2.

512 4312 862 4376 Minckwitz
905 4312 943 4371 l.
986 4310 1025 4373 l.
1071 4331 1129 4391 p.
1170 4309 1272 4373 40.

816 4395 841 4432 2
944 4393 964 4414 Ἰ
1335 4395 1360 4406 ’

813 4396 869 4599 ᾖ
909 4393 1061 4583 ἓξὲξ.
1082 4393 1640 4582 Βξιὸἓέἰε-Ἓιί
1662 4501 1742 4543 88.
1810 4478 2009 4549 Quam
2043 4479 2187 4540 facit
2218 4478 2469 4540 Electra
2497 4478 2792 4554 fraudem,
2825 4486 3060 4560 turpem
3088 4485 3152 4538 et
3183 4476 3425 4539 foedam
3454 4482 3630 4540 vocat
3662 4473 3932 4535 Westrik
3958 4473 3996 4537 l.
4022 4474 4063 4535 l.
4087 4493 4146 4555 p.
4175 4469 4312 4536 144.

817 4562 868 4726 ⁵3
910 4560 1671 4729 ῗὲΐΜξιὲοκῖῷὲΖ-ῗὸῗῑ).
1724 4643 1837 4709 27:
1894 4645 2071 4720 „Und
2119 4646 2234 4706 wie
2278 4646 2611 4726 grossartig
2655 4645 2926 4707 leuehtet
2968 4644 3174 4706 ferner
3221 4643 3319 4705 die
3361 4642 3607 4706 Gestalt
3650 4642 3760 4703 des
3801 4637 4068 4714 Orestes,
4112 4642 4205 4703 als
4246 4659 4314 4701 er

515 4733 633 4790 den
686 4730 1015 4809 Aegisthos
1071 4730 1152 4789 im
1206 4733 1427 4811 eignen
1490 4729 1695 4791 Hause
1748 4731 2109 4791 niederhaut
2164 4730 2287 4790 und
2338 4729 2522 4791 allein
2578 4728 2688 4790 mit
2741 4729 3006 4811 Pylades
3048 4727 3185 4788 dem
3230 4727 3678 4790 Dienerhaufen
3725 4725 4081 4806 geganiiber
4123 4724 4313 4800 steht3

514 4816 645 4876 hier
685 4814 766 4874 ist
806 4815 903 4874 die
947 4832 1140 4893 ganze
1183 4811 1408 4876 Gro‘sse
1453 4816 1560 4875 des
1605 4813 2235 4893 Heroengesehleehts
2278 4814 2389 4874 mit
2430 4814 2584 4875 aller
2627 4812 2876 4875 Frische
2919 4812 3381 4894 reprasentiert,
3436 4813 3545 4873 der
3589 4810 3740 4871 hehe
3785 4809 3952 4882 Mat,
4006 4809 4119 4872 der
4159 4807 4316 4870 feste

515 4898 893 4970 Entsehluss‚
937 4898 1035 4957 die
1080 4899 1599 4960 unersehrockene
1638 4899 2062 4979 Ausffihruug.
2158 4898 2294 4958 Wie
2338 4898 2492 4959 zwei
2533 4896 2759 4959 Riesen
2807 4898 2916 4959 der
2959 4896 3234 4958 Vorwelt
3274 4896 3489 4957 stehen
3532 4893 3716 4957 Orest
3756 4893 3880 4955 und
3923 4892 4194 4975 Pylades
4235 4892 4316 4953 im

513 4983 785 5046 Moment
826 4983 936 5042 der
977 4981 1439 5063 Entscheidung
1481 5003 1589 5043 vor
1632 4990 1807 5044 uns.“

814 5065 840 5104 Β
944 5065 964 5085 Ἴ

818 5065 870 5224 7))
914 5065 1060 5210 ἓξὲξ
1105 5064 1203 5212 {ll
1243 5063 1684 5213 {fili-Elius.
1734 5144 2165 5212 1214-1225.

818 5235 844 5274 ⁸
914 5234 1136 5298 Aesch.
1184 5231 1344 5295 Choe
1388 5234 1444 5297 h.
1495 5231 1658 5297 1009
1679 5254 1759 5298 88.
1808 5230 1985 5296 1070.
2072 5231 2252 5296 Eum.
2300 5229 2426 5294 154
2446 5251 2493 5292 8.
2539 5227 2664 5293 258
2686 5249 2766 5294 88.
2805 5227 2929 5290 417
2952 5250 3032 5294 88.
3077 5227 3203 5293 593
3228 5249 3307 5295 88.
3398 5227 3542 5290 Eur.
3590 5225 3685 5290 El.
3738 5223 4001 5289 119088.
4087 5224 4191 5289 Or.
4213 5222 4318 5292 30.

514 5316 639 5382 468
663 5339 739 5379 88.
866 5315 907 5381 2
929 5338 1008 5382 ss.
1055 5315 1178 5379 805
1201 5337 1281 5382 88.
1377 5315 1451 5380 18
1474 5337 1555 5383 88.
