4652 5800
398 1206 860 1336 Fabulae,
931 1238 1189 1341 quae
1259 1203 1381 1317 de
1455 1203 1752 1317 caede
1801 1205 2608 1341 Agamemnonis
2660 1211 2762 1319 et
2812 1205 3266 1321 vindicta
3316 1208 3699 1321 Orestis
3767 1186 4262 1322 feruntur

786 1373 1050 1512 apud
1125 1373 1734 1485 Graecorum
1805 1376 2177 1510 poetas
2251 1374 2753 1509 quomodo
2823 1374 3100 1488 inter
3169 1410 3279 1489 se
3352 1376 3851 1489 differant.

2203 1608 2440 1677 Scripsit

1979 1747 2082 1828 E.
2168 1746 2662 1830 Kahle.

707 2043 946 2125 Magna
990 2063 1070 2107 ex
1114 2044 1304 2127 copia
1349 2042 1733 2122 fabularum,
1788 2063 1953 2126 quae
1998 2043 2170 2126 apud
2215 2043 2507 2110 Graecos
2553 2043 2876 2124 feruntur,
2931 2066 3067 2128 eas,
3124 2066 3287 2130 quae
3343 2055 3492 2111 sunt
3538 2048 3618 2112 de
3666 2047 3838 2112 bello
3886 2047 4142 2112 Troico.
4174 2056 4241 2113 et

405 2144 484 2209 de
538 2143 749 2208 reditu
797 2143 1223 2223 Graecorum,
1289 2144 1580 2207 omnibus
1638 2142 1773 2208 fere
1828 2143 2224 2226 temporibus
2280 2145 2538 2228 plurimi
2586 2164 2730 2210 esse
2785 2148 3157 2212 aestimatas
3202 2154 3396 2230 atque
3442 2146 3854 2230 dignissimas
3898 2148 4234 2229 iudicatam,

404 2265 562 2328 quas
608 2253 678 2309 ut
720 2244 904 2328 pueri
947 2243 1522 2326 adolescentesque
1566 2243 1906 2324 discerent,
1954 2244 2047 2307 ita
2089 2244 2355 2309 iuvenes
2401 2263 2720 2327 senesque
2752 2249 3057 2312 memoria
3098 2255 3408 2327 tenerent,
3456 2248 3599 2330 quis
3643 2255 3745 2312 est
3788 2250 3896 2331 qui
3942 2248 4237 2331 ignoret?

404 2345 589 2422 Quod
635 2344 888 2428 quidem
935 2364 1013 2408 eo
1059 2343 1312 2408 facilius
1362 2343 1503 2409 fieri
1559 2352 1841 2427 poterat,
1896 2344 2049 2426 quia
2102 2353 2338 2428 poetae
2396 2344 2815 2410 illustrissimi
2875 2348 3103 2413 iterum
3159 2368 3237 2412 ac
3294 2347 3553 2431 saepius
3613 2347 3861 2412 fabulas
3920 2348 4065 2412 illas
4121 2370 4236 2413 sua

404 2447 676 2528 quisque
720 2446 971 2509 ratione
1016 2445 1370 2508 docuerunt
1412 2457 1478 2509 et
1522 2451 2010 2525 exornaverunt,
2055 2444 2149 2509 ita
2187 2452 2259 2508 ut
2304 2460 2526 2509 nostra
2556 2466 2810 2530 quoque
2856 2454 3088 2529 aetate,
3134 2448 3423 2530 quamvis
3471 2448 3684 2529 multa,
3733 2469 3899 2530 quae
3945 2470 3984 2513 a
4023 2451 4236 2533 poetis

405 2551 552 2608 sunt
594 2545 764 2624 ficta,
810 2545 1187 2625 interierint,
1232 2543 1428 2608 liceat
1471 2543 1910 2625 diiudicemus,
1955 2563 2081 2626 quo
2127 2544 2313 2608 modo
2361 2544 2616 2612 fabulae
2661 2548 2866 2631 magis
2899 2551 3230 2634 magisque
3260 2562 3487 2613 auctae
3534 2549 3661 2613 sint
3694 2556 3760 2614 et
3789 2559 4233 2615 commutatae.

404 2648 504 2709 Ac
550 2647 604 2708 si
653 2651 909 2709 constat
953 2652 1181 2727 poetas
1226 2644 1624 2709 diversorum
1671 2651 2022 2729 temporum
2069 2664 2210 2710 cum
2255 2644 2385 2709 alia
2430 2657 2561 2710 tum
2607 2648 2740 2712 l'ata
2785 2648 3016 2713 ducum
3062 2648 3474 2728 Graecorum,
3522 2650 3630 2731 qui
3673 2652 3906 2714 ceteris
3955 2659 4236 2733 praesta-

409 2758 571 2827 rent,
616 2744 1044 2810 illustravisse
1090 2751 1155 2808 et
1198 2758 1269 2809 ut
1316 2764 1386 2809 re
1428 2747 1592 2809 bene
1634 2754 1821 2827 gesta
1863 2745 2116 2809 domum
2160 2746 2554 2810 reverterunt
2596 2748 2941 2832 diligenter
2986 2750 3465 2832 perscripsisse,
3506 2772 3632 2815 non
3665 2761 3767 2817 est
3796 2771 3911 2817 cur
3940 2752 4239 2815 miremur

406 2866 508 2926 ea,
555 2866 719 2929 quae
764 2845 845 2910 de
888 2847 1366 2928 Agamemnone
1411 2845 1733 2926 dicuntur,
1792 2846 2034 2931 quippe
2079 2845 2188 2929 qui
2234 2845 2426 2912 fuerit
2469 2846 2599 2911 dux
2642 2850 2968 2915 exercitus
3013 2848 3407 2915 Graecorum
3453 2851 3763 2932 universi,
3831 2852 4045 2918 multis
4105 2873 4237 2917 ear·

405 2948 681 3011 minibus
712 2966 854 3011 esse
884 2945 1226 3020 illustrata,
1273 2966 1399 3010 non
1444 2967 1570 3029 quo
1618 2948 1761 3031 ipse
1805 2967 2059 3031 semper
2103 2947 2274 3013 bello
2307 2968 2412 3013 res
2458 2950 2700 3033 optime
2745 2952 3073 3032 gessisset,
3121 2951 3236 3015 sed
3267 2952 3418 3034 quia
3448 2951 3651 3016 Troia
3681 2954 3839 3019 urbe
3870 2962 4236 3037 expugnata

408 3053 747 3134 postquam
801 3057 917 3132 ζεῦ
972 3046 1195 3112 decom
1263 3065 1461 3110 annos
1527 3047 1954 3132 principatum
2022 3048 2324 3129 obtinuit,
2391 3048 2646 3114 fortuna
2703 3052 2979 3114 omnium
3038 3050 3431 3117 Graecorum
3487 3053 3855 3117 tristissima
3909 3072 4059 3116 usus
4118 3061 4234 3118 est.

406 3149 632 3232 Neque
675 3150 842 3213 enim
887 3148 1206 3212 Homerus
1251 3153 1493 3212 tantum
1539 3165 1618 3211 ac
1663 3156 1892 3231 poetae
1938 3149 2125 3232 epici,
2172 3149 2288 3213 sed
2333 3151 2528 3215 etiam
2573 3149 2762 3233 lyrici
2809 3151 3202 3216 Graecorum
3249 3165 3480 3235 poetae
3523 3159 3591 3217 et
3633 3155 3866 3236 tragici
3907 3173 4022 3218 sua
4067 3154 4235 3236 quis·

410 3270 533 3334 que
578 3251 829 3314 ratione
872 3247 1107 3312 litteris
1151 3247 1614 3313 mandaverunt
1654 3247 1798 3328 illa,
1857 3268 2023 3333 quae
2068 3248 2431 3314 traduntur:
2507 3253 3045 3334 Agamemnonem
3092 3252 3291 3317 Troia
3336 3262 3530 3337 capta
3573 3254 3827 3317 domum
3866 3253 4233 3318 redeuntem

406 3372 445 3415 a
490 3349 1004 3433 Clytaemnestra
1047 3368 1249 3413 uxore
1292 3368 1411 3432 per
1454 3347 1724 3413 insidias
1770 3349 2181 3430 trucidatum,
2249 3350 2484 3415 deinde
2544 3351 3116 3434 Clytaemnestram
3173 3354 3255 3416 ab
3301 3355 3613 3437 Aegistho
3659 3356 3722 3418 in
3766 3354 4234 3418 matrimonium

406 3471 552 3516 esse
618 3450 899 3529 ductam,
966 3449 1241 3533 denique
1307 3447 1601 3514 Orestem
1666 3451 2161 3532 Agamemnonis
2227 3449 2426 3514 filium
2495 3451 2824 3516 exstitisse
2880 3453 3086 3534 patris
3141 3452 3410 3518 ultorem
3472 3456 3560 3519 ita
3613 3463 3682 3519 ut
3740 3454 4119 3536 Aegisthum
4174 3465 4238 3519 et

408 3551 983 3634 Clytaemnestram
1044 3558 1325 3615 necaret.
1434 3547 1613 3626 Quae
1668 3569 1807 3614 cum
1867 3551 1958 3613 ita
2010 3549 2140 3614 sint
2188 3562 2259 3615 ut
2313 3571 2548 3634 magno
2605 3552 2829 3616 dolore
2883 3551 3223 3635 afficimur,
3295 3556 3465 3638 quod
3523 3576 3665 3620 cum
3719 3556 3801 3620 ab
3860 3556 4128 3619 Homeri
4172 3563 4236 3619 et

410 3652 677 3716 Pindari
726 3651 1114 3715 carminibus
1158 3650 1554 3731 discesseris,
1603 3650 1705 3715 vel
1750 3670 2119 3735 perpaucae
2164 3652 2268 3716 vel
2313 3652 2526 3716 nullae
2571 3661 2827 3717 exstant
2856 3654 3169 3738 reliquiae
3213 3667 3546 3737 poetarum
3593 3664 3704 3720 aut
3735 3655 4084 3736 lyricorum
4128 3661 4236 3718 aut

408 3753 765 3836 epicorum,
842 3751 951 3832 qui
998 3750 1078 3815 de
1123 3751 1224 3814 his
1269 3749 1502 3814 fabulis
1547 3751 2009 3832 disseruerunt,
2075 3752 2168 3817 ita
2212 3762 2691 3837 peropportune
2745 3753 3065 3819 accidisse
3118 3765 3441 3838 putamus,
3515 3756 3686 3837 quod
3733 3756 3799 3819 in
3844 3754 4069 3820 eodem
4112 3754 4234 3818 hoc

409 3857 782 3935 argumento
830 3858 960 3914 tres
1005 3850 1389 3916 nobilissimi
1436 3859 1668 3936 poetae
1709 3851 1945 3932 tragici
1990 3861 2293 3919 accurate
2339 3855 2579 3919 versati
2628 3863 2775 3918 sunt
2818 3875 3161 3938 eorumque
3206 3855 3464 3922 fabulae
3508 3856 3591 3920 ad
3624 3876 3741 3920 nos
3786 3863 4235 3941 pervenerunt.

408 3952 538 4014 Vix
588 3951 785 4034 igitur
841 3949 1190 4032 quidquam
1243 3951 1446 4016 maius
1500 3970 1739 4033 operae
1792 3952 2068 4033 pretium
2123 3954 2209 4018 sit
2263 3975 2453 4036 quam
2509 3964 2579 4020 ut
2632 3974 3092 4038 cognoscamus
3143 3958 3412 4041 primum
3459 3956 3594 4039 (l.)‚
3662 3955 3816 4039 quid
3860 3957 3924 4020 in
3968 3956 4236 4019 Homeri

409 4052 795 4116 carminibus
838 4051 1140 4115 traditum
1186 4053 1273 4117 sit
1316 4052 1397 4116 de
1441 4051 1642 4116 caede
1688 4055 2181 4134 Agamemnonis
2227 4067 2292 4120 et
2336 4057 2416 4122 de
2459 4055 2745 4120 vindicta
2779 4054 3059 4138 Orestis;
3105 4064 3234 4120 tum
3269 4057 3409 4140 (II.)
3444 4056 3596 4141 quid
3639 4056 3749 4119 alii
3787 4065 4015 4140 poetae
4046 4055 4234 4139 epici,

408 4152 563 4235 quid
620 4159 854 4237 poetae
907 4151 1100 4233 lyrici
1155 4151 1565 4231 mutaverint,
1636 4152 1746 4234 qui
1797 4172 1907 4217 eas
1962 4152 2210 4219 fabulas
2265 4157 2331 4220 in
2388 4157 2677 4221 manibus
2735 4155 3118 4237 habuerunt3
3187 4156 3466 4240 denique
3529 4176 3693 4240 quae
3763 4155 4237 4239 fabulaeapud

408 4253 794 4333 Aeschylum
838 4250 1034 4334 (HL),
1080 4251 1466 4335 Sophoclem
1512 4251 1704 4336 (IV.),
1750 4252 2125 4337 Euripidem
2172 4255 2310 4339 (V.)
2361 4256 2664 4320 serantur.

2281 4491 2355 4572 1.

712 4653 810 4718 De
853 4662 1043 4734 gente
1086 4651 1566 4738 Pelopidarum,
1635 4675 1761 4738 qua
1803 4664 2064 4721 exortus
2109 4663 2209 4721 est
2252 4658 2684 4739 AgamemnO,
2755 4657 3076 4721 Homerus
3130 4657 3254 4722 hoc
3313 4678 3501 4720 unum
3558 4656 3887 4721 enarravit
3932 4655 4235 4741 Pelopem

407 4761 761 4839 sceptrum,
826 4754 1002 4835 quod
1045 4754 1188 4838 ipso
1232 4755 1401 4819 Jove
1443 4760 1708 4819 auctore
1762 4757 1844 4820 ab
1899 4756 2137 4821 Herma
2157 4756 2205 4840 ¹)
2272 4758 2665 4839 accepisset,
2734 4760 2934 4822 Atreo
2999 4756 3132 4821 filio
3191 4757 3568 4837 tradidisse;
3643 4767 3772 4822 tum
3829 4764 4152 4840 sceptrum
4198 4778 4237 4818 a
4631 4817 4645 4862 A]

410 4855 720 4920 moriente
742 4856 944 4919 Atreo
976 4853 1244 4937 Thyesti
1288 4855 1584 4920 relictum
1630 4875 1791 4938 esse,
1838 4858 2018 4921 cuius
2063 4857 2127 4921 iu
2172 4857 2383 4922 locum
2428 4860 2821 4941 Agamemno
2868 4858 3314 4939 successisset,
3361 4859 3468 4939 qui
3508 4857 3846 4922 multarum
3889 4856 4236 4921 insularum

409 4964 602 5038 atque
652 4955 992 5019 universae
1037 4963 1274 5033 terrae,
1321 4957 1494 5038 quod
1535 4958 1749 5038 Argos
1795 4957 2187 5044 appellatur,
2246 4966 2498 5023 teneret
2540 4959 2956 5042 imperium2).
3047 4959 3290 5042 Magna
3333 4957 3608 5022 discidia
3653 4958 3821 5022 inter
3867 4889 4566 5244 W
4643 5003 4644 5014 2

718 5171 766 5251 ¹)
825 5169 902 5230 In
959 5171 1181 5233 fabulis
1238 5169 1609 5236 Graecorum
1661 5176 1973 5254 poetarum
2029 5176 2476 5256 pertractandis
2528 5174 2748 5238 Graeci
2799 5178 3094 5238 sermonis
3150 5177 3508 5238 vernaculas
3564 5176 3810 5246 deorum
3867 5193 3902 5231 e
3994 5187 4244 5252 dearum

411 5256 718 5319 nominum
762 5255 986 5316 formas
1029 5256 1318 5317 adhibere
1359 5256 1557 5318 liceat.
3707 5241 3870 5341 ‘ff

714 5337 768 5420 2)
812 5337 888 5401 ιι.
933 5338 1018 5413 11,
1073 5338 1190 5402 105
1213 5361 1293 5401 ss.
