4652 5800
2214 270 2291 332 ιε
3233 242 3460 415 s

3275 368 3350 395 ’“···
3438 382 3492 459 ι·

340 479 608 546 doceret
651 477 957 555 fabulam,
1014 493 1176 558 quae
1218 481 1515 553 vocatur,
1568 472 1934 538 Electram?
2007 474 2306 537 Attamen
2355 470 2571 537 facere
2624 492 2752 536 non
2808 475 3040 555 potuit,
3108 418 3516 555 quimta,
3563 490 3727 554 quae
3770 470 4158 552 Aeschylum

339 579 686 645 memoriae
726 574 1072 640 tradidisse
1115 573 1391 655 videret,
1452 574 1555 637 vel
1598 574 2141 657 praetermitteret
2182 572 2288 636 vel
2336 579 2776 651 commutaret,
2836 593 2977 638 cum
3023 572 3149 638 non
3192 571 3360 635 idem
3408 571 3576 654 quod
3618 570 3976 653 Aeschylus
4019 590 4159 657 pro·

342 682 618 765 positum
660 677 931 740 haberet
976 675 1433 754 demonstrare,
1476 681 1549 737 ut
1592 681 1729 738 tota
1772 692 1929 755 gens
1973 673 2342 737 Atridarum
2391 676 2507 737 sub
2552 673 2724 755 genii
2769 674 2998 738 ultoris
3047 672 3539 737 dominationem
3583 671 3875 735 subiecta
3917 671 4156 753 gravis-

342 781 499 845 sima
542 775 794 840 scelera
837 775 1229 855 admisisset,
1275 774 1674 856 gravissimis
1720 775 1944 856 poenis
1990 774 2221 837 affecta
2267 780 2464 854 esset,
2532 793 2731 857 usque
2776 774 2919 837 dum
2969 773 3233 839 Orestes
3278 770 3516 835 auxilio
3556 770 3815 835 deorum
3862 772 4156 856 expiatus

339 882 731 945 liberaretur
776 896 1013 961 poena3
1057 874 1411 959 Sophocles
1458 882 1605 937 ante
1647 873 1860 937 omnia
1902 873 1968 936 id
2013 874 2163 956 egit,
2217 883 2287 938 ut
2332 875 2593 939 doceret
2636 877 2808 959 piam
2851 873 3064 953 filiam,
3112 872 3361 937 fidelem
3406 891 3692 936 sororem
3737 891 3952 936 omnes
3994 872 4158 937 cala-

344 981 600 1045 mitates
658 977 952 1059 malaque
1011 976 1252 1051 omnia,
1321 975 1610 1057 quamvis
1663 994 1894 1055 magna
1949 982 2187 1055 essent,
2256 973 2437 1038 firmo
2481 996 2558 1039 ac
2605 976 2924 1038 constanti
2972 975 3181 1039 animo
3227 972 3451 1036 tulisse
3494 991 3698 1055 neque
3743 971 4156 1053 dubitavisse,

343 1080 493 1165 quin
541 1078 818 1142 futurum
863 1087 1036 1140 esset
1078 1087 1147 1139 ut
1191 1074 1285 1137 eis
1331 1073 1712 1137 liberaretur
1728 1074 1796 1155 ¹).
1886 1074 1987 1137 Ad
2033 1075 2585 1170 eadescribenda
2632 1097 2775 1140 cum
2832 1078 2889 1140 ei
2936 1096 3061 1139 non
3106 1072 3435 1138 videretur
3477 1093 3639 1155 opus
3683 1091 3824 1137 esse
3869 1074 4159 1137 omnibus

342 1182 474 1245 illis
516 1181 738 1257 rebus,
805 1194 966 1257 quas
1011 1175 1372 1257 Aeschylus
1417 1173 1820 1249 tradidisset,
1875 1175 2102 1237 iterum
2146 1196 2223 1239 ac
2279 1177 2537 1260 saepius
2580 1176 2847 1242 Homeri
2892 1188 3084 1257 atque
3126 1182 3410 1237 veterum
3456 1184 3787 1257 poetarum
3831 1174 4157 1256 epicorum

354 1281 803 1349 auctoritatem
849 1283 1133 1339 secutum
1182 1295 1321 1339 eum
1368 1293 1509 1338 esse
1549 1275 1675 1337 iam
1720 1273 2095 1340 videbimus,

646 1378 925 1442 Primum
971 1374 1225 1458 quidem
1272 1375 1395 1438 etsi
1441 1381 1694 1438 constat
1739 1373 2047 1455 Sophocli
2093 1375 2259 1439 mala
2294 1396 2418 1440 non
2461 1374 2742 1440 defuisse
2784 1377 2958 1459 genti
3001 1372 3536 1459 Pelopidarum2),
3582 1378 3791 1436 tamen
3837 1394 3960 1437 non
3993 1373 4160 1439 idem

344 1478 687 1554 intellexit,
751 1475 922 1558 quod
975 1475 1361 1558 AeschyluS,
1429 1493 1545 1558 per
1595 1472 1845 1554 genium
1892 1473 2160 1538 aedibus
2202 1476 2387 1540 Atrei
2433 1487 2697 1559 propter
2741 1496 2959 1541 cenam
3005 1483 3256 1559 turpem
3303 1473 3620 1538 infensum
3663 1482 3860 1538 totam
3906 1481 4157 1555 gentem

345 1600 487 1647 esse
529 1580 888 1657 incitatam,
932 1584 1003 1639 ut
1047 1577 1294 1640 scelera
1338 1574 1735 1654 admitteret3
1784 1573 1897 1637 sed
1943 1573 2104 1639 dicit
2149 1575 2414 1640 caedem
2458 1576 2729 1660 Myrtili,
2792 1596 2978 1661 quem
3028 1575 3265 1659 Pelops
3312 1576 3374 1637 in
3417 1574 3607 1638 litore
3652 1581 3873 1637 vectus
3915 1577 4158 1657 praeci-

348 1681 692 1767 pitavisset
734 1681 797 1740 in
840 1695 1047 1755 mare,
1103 1676 1410 1756 originem
1456 1673 1653 1737 fuisse
1700 1674 1836 1737 irae
1882 1674 2140 1739 deorum
2187 1685 2254 1739 et
2294 1675 2571 1738 omnium
2614 1676 2948 1758 malorum,
3012 1677 3240 1759 quibus
3287 1675 3546 1758 Pelopis
3595 1674 3940 1760 progenies
3984 1682 4158 1740 esset

347 1777 675 1857 afflicta-³).
761 1777 910 1840 Alio
954 1776 1100 1839 loco
1144 1784 1340 1857 poeta
1384 1775 1575 1838 etiam
1619 1773 1918 1837 adulterii
1962 1776 2262 1858 Aeropae
2307 1783 2375 1839 et
2417 1795 2614 1839 cenae
2657 1776 3017 1858 Thyesteae
3063 1777 3438 1841 mentionem
3486 1774 3719 1855 fecit4).
3809 1775 3905 1838 De
3951 1775 4155 1859 ipsius

348 1888 558 1944 autem
600 1876 1093 1958 Agamemnonis
1138 1874 1331 1958 culpa
1375 1873 1732 1957 Sophocles
1776 1893 1903 1937 non
1946 1876 2266 1939 consentit
2308 1896 2451 1940 cum
2492 1876 2837 1957 AeschyIO,
2883 1875 2996 1940 sed
3040 1896 3182 1939 cum
3227 1876 3511 1942 Stasino:
3578 1895 3784 1958 neque
3830 1876 3994 1939 enim
4040 1878 4156 1940 cri·

349 1980 499 2043 mini
552 1976 731 2041 dedit
784 1975 1267 2057 Agamemnoni,
1342 1973 1511 2058 quod
1566 1973 1760 2037 filiam
1822 1980 2161 2055 mactaret,
2229 1996 2369 2039 cum
2424 1982 2488 2041 et
2538 1977 2638 2040 ira
2693 1976 3042 2042 Artemidis
3096 1983 3162 2041 et
3213 1977 3533 2041 exercitus
3579 1976 4046 2040 calamitatibus
4089 1977 4156 2041 id

349 2078 562 2142 facere
608 2072 1032 2158 cogeretur-⁷²).
1120 2076 1334 2155 Atque
1379 2075 1545 2138 idem
1591 2074 1778 2137 affert
1821 2073 2193 2158 SophocleS,
2238 2077 2410 2158 quod
2455 2078 2752 2142 Stasinus
2792 2078 2858 2140 in
2904 2076 3175 2162 CypriiS,
3222 2097 3336 2140 cur
3374 2078 3835 2159 Agamemnoni
3876 2078 4155 2141 Artemis

349 2178 814 2241 succensuerit:
864 2175 1393 2256 Agamemnonem
1440 2193 1583 2237 cum
1627 2179 1693 2238 in
1737 2174 1898 2239 deae
1938 2195 2194 2240 nemore
2240 2197 2495 2241 cervam
2543 2177 2904 2258 cecidisset,
2964 2184 3163 2241 artem
3207 2196 3384 2239 suam
3431 2177 3543 2241 teli
3594 2177 3954 2241 coniciendi
3994 2179 4155 2243 inso-

347 2279 582 2343 lentius
625 2272 1056 2356 iactavissess).
1143 2276 1232 2336 At
1270 2274 1658 2355 Aeschylum
1706 2276 1814 2358 qui
1860 2276 1981 2340 dea
2024 2276 2146 2338 hoc
2191 2275 2518 2358 indignum
2562 2286 2845 2362 putaret,
2901 2277 3072 2360 quod
3116 2277 3199 2341 ob
3242 2296 3380 2339 eam
3423 2296 3557 2341 rem
3605 2277 3939 2342 iracundia
3981 2299 4155 2343 exar-

349 2378 548 2457 deret,
589 2394 850 2461 prorsus
895 2373 1085 2437 aliam
1130 2392 1387 2436 causam
1432 2373 1739 2455 attulisse,
1788 2394 1901 2440 cur
1942 2375 2259 2440 Artemidi
2303 2380 2695 2459 Agamemno
2741 2379 2803 2442 in
2850 2377 3063 2442 odium
3107 2377 3486 2461 pervenerit,
3533 2397 3729 2461 supra
3772 2378 4156 2443 demonstra-

350 2477 553 2540 vimus
568 2474 636 2557 ⁷).
702 2473 803 2538 De
824 2475 1317 2555 Agamemnonis
1341 2474 1540 2539 caede
1565 2473 1920 2558 Sophocles
1944 2475 2165 2541 eadem
2198 2475 2333 2542 fere
2366 2497 2530 2559 quae
2553 2478 2871 2543 Homerus
2893 2479 3235 2542 memoriae
3259 2477 3572 2560 prodidit:
3619 2480 4157 2559 Agamemnonem

348 2598 390 2640 a
433 2576 943 2659 Clytaemnestra
972 2584 1037 2636 et
1064 2573 1377 2656 Aegistho
1407 2594 1527 2660 per
1564 2575 1776 2639 dolum
1823 2584 2076 2661 captum
2107 2577 2175 2640 in
2202 2578 2408 2660 ipsius
2438 2578 2705 2643 aedibus
2734 2580 2902 2644 inter
2932 2578 3156 2661 epulas
3185 2579 3462 2663 turpiter
3507 2579 3889 2643 trucidatum
3917 2599 4059 2644 esse
4072 2582 4154 2660 ⁸);

358 2782 457 2839 tur
509 2777 782 2838 Westrik
826 2775 976 2858 (1.1.
1024 2774 1304 2856 p.5ss.)
1403 2775 1751 2838 Minckwitz
1800 2776 1867 2859 (Ι.
1915 2778 1951 2837 Ι.
1999 2799 2057 2859 p.
2107 2775 2185 2838 12
2208 2776 2316 2861 ss.)
2363 2778 2492 2850 alii,
2541 2779 2696 2859 quod
2742 2784 3125 2857 negaverunt
3167 2777 3471 2861 Euripidis
3514 2778 3820 2840 Electram
3864 2779 4032 2840 nulla
4070 2780 4155 2841 di-

264 2900 277 2906 ·
350 2880 536 2942 gnam
568 2879 706 2921 esse
750 2861 946 2922 laude.
973 2894 1053 2906 —-
1082 2860 1234 2922 Tum
1266 2862 1560 2924 contendo
1605 2882 1721 2923 non
1769 2864 1984 2923 deesse
2029 2862 2188 2924 locos
2231 2861 2566 2943 quosdam
2552 2882 2613 2923 ιιι
2645 2861 2949 2945 Euripidis
2994 2864 3321 2942 tragoedia,
3367 2864 3467 2944 qui
3509 2864 3559 2924 si
3600 2862 3992 2925 conseruntur
4021 2883 4158 2927 cum

348 2946 657 3026 Sophoclis
698 2946 918 3015 verbis,
963 2964 1184 3024 magno
1229 2957 1371 3005 sunt
1409 2952 1766 3025 argumento
1809 2946 2159 3027 Euripidem
2213 2948 2268 3007 id
2317 2947 2536 3026 egisse,
2581 2952 2650 3007 ut
2693 2947 2998 3029 Sophoclis
3043 2949 3229 3009 verba
3279 2947 3613 3009 illustraret
3655 2955 3719 3009 et
3760 2949 4152 3029 patefaceret.

347 3029 557 3093 Affero
596 3031 704 3091 hos
752 3032 925 3102 Ιοοοε,
971 3048 1120 3108 quos
1162 3030 1427 3089 maxime
1474 3031 1716 3091 idoneos
1760 3050 1896 3091 esse
1941 3031 2221 3092 existimo
2265 3033 2343 3091 ad
2389 3030 2554 3091 illam
2599 3050 2727 3091 iem
2769 3032 3165 3112 probandam·

482 3113 534 3173 1.
585 3113 770 3195 Soph.
816 3113 912 3173 El.
960 3114 1055 3175 ed.
1100 3110 1523 3173 Schneidewin
1570 3111 1652 3175 86
1676 3135 1753 3176 ss.
1887 3161 1901 3176 .
1992 3161 2005 3175 .
2097 3160 2110 3175 .
2204 3162 2219 3177 .
2288 3164 2306 3181 .
2397 3162 2412 3176 .
2500 3160 2515 3174 .
2564 3113 2708 3180 Eur
2753 3114 2846 3176 ΕΙ.
2894 3117 2987 3177 ed.
3033 3115 3345 3176 Hermann
3388 3112 3502 3180 59:

1150 3196 1199 3258 ὦ
1243 3197 1393 3300 φάος
1435 3196 1608 3279 ἁγνὸν

649 3277 764 3340 καὶ
809 3282 936 3360 γῆς
988 3275 1293 3362 ἰσόμοιρ’
1350 3279 1512 3364 ἀήρ,
1572 3280 1667 3348 ὥς
1724 3302 1838 3364 μοι
2458 3278 2678 3363 γόους
2721 3281 2779 3342 τ’
2823 3279 3074 3365 ἀφίημι
3116 3280 3346 3365 αἰθέρ’
3386 3279 3485 3350 εἰς
3528 3279 3743 3364 μέγαν
3787 3282 4008 3366 πατρί.

648 3364 946 3424 πολλῶν
1001 3361 1121 3443 μὲν
1176 3361 1453 3446 θρήνων
1508 3360 1699 3449 ᾠδάς
2248 3370 2258 3411 ³

648 3444 876 3512 πολλὰς
919 3445 970 3507 δ’
976 3446 1277 3552 ἀντηρεις
1276 3447 1510 3531 ᾔσθου

649 3529 902 3613 στέρνων
945 3532 1175 3611 πλη-(ας
1219 3531 1681 3615 αἱμασσομένων

474 3611 534 3677 2.
584 3612 760 3695 Soph.
810 3614 906 3675 ΕΙ.
950 3567 1211 3675 58833·
1166 3661 2217 3680 ............
2398 3660 2412 3672 .
2506 3664 2520 3678 .
2567 3613 2715 3676 Eur.
2762 3613 2858 3678 ΕΙ.
2902 3612 3113 3676 60ss.:

436 3698 548 3760 καὶ
588 3699 1082 3764 παιδοποιεῖς·
1133 3697 1296 3767 τους
1339 3698 1418 3760 δὲ
1460 3697 1768 3780 πρόσθεν
1815 3696 2137 3784 εὐσεβεῖς
2375 3696 2569 3780 ἡγὰρ
2618 3697 2907 3808 πανώλης
2936 3693 3215 3779 Τυνδαρὶς
3259 3698 3448 3782 μήτηρ
3495 3697 3608 3781 ἐμή

2375 3720 2683 3866 ἐξέβαλέ
2728 3781 2794 3864 μ’
2838 3779 3041 3842 οἴκων
3085 3782 3278 3883 χάριν
3300 3781 3572 3866 τιθεμένη
3612 3777 3805 3845 πόσει·

438 3863 543 3932 κάξ
587 3863 844 3949 εὐσεβῶν
887 3861 1243 3947 βλαστόντας
1285 3863 1669 3950 ἐκβαλοῦσ’
1715 3862 1927 3949 ἔχεις.
2375 3867 2676 3927 τεκοῦσα
2720 3865 2778 3928 δ’
2828 3862 3107 3933 ἄλλους
3150 3869 3406 3934 παῖδας
3452 3864 3771 3968 Amnum
3816 3866 4007 3949 πάρα

2374 3949 2672 4033 παρέρ·’(
2713 3945 2972 4030 ’τΟρέσ
2952 3971 3063 4030 ην
3106 3949 3285 4033 κάμὲ
3330 3953 3638 4012 ποιεῖται
3681 3928 3943 4033 δόμων.

478 4027 536 4091 3.
581 4029 759 4112 Soph.
804 4030 900 4090 El.
950 4028 1191 4095 1487s·
1178 4077 2216 4097 ...........
2396 4079 2409 4093 .
2502 4080 2515 4093 .
2561 4033 2707 4094 Eur.
2754 4033 2849 4094 ΕΙ.
2896 4030 3021 4093 985
3044 4053 3159 4098 ssa

520 4114 656 4175 ἀλλ’
703 4116 785 4181 ὥς
824 4115 1070 4197 τάχιστα
1115 4117 1295 4178 κτεῖνε
1337 4121 1432 4177 καὶ
1474 4118 1741 4178 κτανὼν
1786 4114 2053 4200 πρόθες
2891 4114 3066 4177 αυτὸν
3110 4116 3207 4177 τὸν
3250 4112 3500 4177 θανόντα
3545 4138 3635 4177 σοι
3676 4114 3841 4215 φέρω

2376 4198 2452 4262 ὃν
2497 4197 2646 4261 εἴτε
2689 4193 2995 4282 χρῄζεις
3040 4199 3288 4282 θηρσὶν
3333 4198 3655 4302 ἁρπαγὴν
3696 4196 3965 4282 πρόθες

518 4282 888 4364 ταφεῦσιν,
935 4282 1026 4343 ὧν
1070 4278 1262 4344 τόνδ’
1313 4282 1505 4351 εἰκός
1549 4283 1696 4346 ἐστι
1733 4284 2131 4369 τυγχάνειν.
2373 4282 2411 4365 ἢ
2456 4286 2714 4345 σκῦλον
2760 4283 3142 4344 οἰωνεῦσιν
3186 4281 3479 4365 αἰθέρος
3521 4281 3791 4351 τέκνοις

2373 4366 2629 4450 πήξασ’
2677 4364 2953 4450 ἔρεισον
2995 4364 3317 4430 σκόλοπι.

352 4448 560 4518 Quare
604 4455 848 4509 secutus
890 4449 1309 4510 auctoritatem
1346 4450 1604 4511 virorum
1635 4451 2107 4513 doctissimorum
2139 4452 2333 4512 sentio
2361 4451 2668 4532 Euripidis
2699 4470 2876 4531 quam
2904 4449 3209 4532 Sophoclis
3233 4451 3539 4512 Electram
3572 4469 3708 4511 esse
3737 4447 4152 4510 recentiorem.

660 4530 708 4611 ¹)
754 4532 1116 4613 Bernhardy
1162 4534 1198 4596 1.
1249 4534 1287 4596 Ι.
1376 4532 1563 4596 ,190
1587 4557 1669 4598 ss.
1714 4532 1841 4596 320
1863 4557 1942 4599 ss.
1988 4533 2107 4597 347
2134 4557 2214 4600 ss,

658 4615 704 4690 2)
753 4615 870 4696 Sop
875 4618 930 4680 h.
975 4616 1073 4679 ΕΙ.
1124 4555 1370 4681 1498sp

656 4697 706 4781 3)
753 4697 929 4781 Soph.
983 4699 1078 4764 ΕΙ.
1122 4700 1478 4766 504--515.
1567 4700 1659 4764 Cf.
1707 4701 1949 4763 Dronke
1995 4703 2034 4765 Ι.
2071 4703 2111 4766 l.
2152 4724 2211 4785 p.
2256 4700 2371 4765 59:
2420 4701 2792 4783 „Sophokles
2835 4701 3092 4775 konnte,
3138 4701 3278 4761 weil
3320 4720 3387 4761 er
3429 4720 3545 4762 von
3590 4700 3698 4760 der
3741 4700 3992 4761 inneren
4035 4699 4163 4762 Mo-

352 4784 660 4864 tivierung·
699 4783 903 4854 absah,
950 4785 1066 4844 den
1113 4787 1226 4846 auf
1261 4788 1399 4846 dem
1442 4771 1897 4850 Atridenhause
1942 4785 2264 4849 lastenden
2303 4784 2665 4847 Gotterzorn
2711 4786 2939 4845 wieder
2980 4805 3056 4847 an
3104 4785 3202 4845 die
3231 4783 3553 4846 Greueltat
3588 4786 3696 4845 des
3726 4783 4163 4846 Stammvaters

350 4870 570 4951 Pelops
613 4868 1028 5032 apkniipt'ffien
1119 4868 1210 4933 Cf.
1256 4871 1501 4932 Nitzsch
1548 4873 1608 4931 S.
1654 4871 1711 4933 d.
1757 4869 1864 4933 Gr.
1909 4867 2158 4951 p..524

653 4949 706 5102 ⁵3
749 4951 931 5116 Sgph.
975 4891 1947 5101 &15:330301hdmd0f39S30h09eie
1970 5036 2117 5099 Eur.
2160 5035 2293 5118 Iph.
2340 5037 2378 5099 i.
2423 5036 2603 5099 Taur.
2649 5059 2707 5119 p.
2752 5035 2854 5100 31.

655 5117 705 5200 6)
752 5119 931 5200 Soph.
978 5120 1075 5184 ΕΙ.
1121 5118 1324 5185 566-
1334 5119 1433 5185 69.
1523 5119 1925 5182 Callimachus
1973 5119 2199 5202 Hymn.
2244 5118 2346 5180 III
2390 5119 2470 5187 εἰς
2515 5118 2788 5203 Ἄρτεμιν
2830 5140 2924 5183 vs.
2970 5115 3122 5184 263.
3169 5117 3348 5195 „ouda
3375 5115 3487 5201 γὰρ
3509 5113 3817 5200 Ἀτρείδης
3862 5115 4040 5199 ὀλίγῳ
4070 5114 4164 5177 ἐπὶ

351 5201 623 5287 κόμπασε
657 5204 920 5370 prodigi&
1011 5206 1101 5267 Cf.
1153 5205 1557 5270 Callimachea
1600 5206 1695 5269 ed.
1743 5204 2075 5266 Schneider
2116 5202 2149 5263 I
2190 5226 2250 5287 p.
2295 5203 2396 5266 30.
2440 5201 2585 5267 251.
2667 5204 2952 5265 Welcker
2997 5202 3142 5266 Tri).
3189 5225 3245 5286 p.
3274 5199 3418 5265 408.
3497 5201 3826 5263 Dronkel.
3874 5201 3911 5264 l.
3957 5221 4014 5281 p.
4060 5197 4160 5265 64.

655 5372 707 5455 ⁸)
754 5371 933 5453 Soph.
982 5372 1078 5436 El.
1124 5370 1279 5437 97⁸.
1330 5367 1521 5432 124⁸.
1575 5369 1712 5436 197.
1759 5368 1884 5433 203
1910 5391 1990 5436 ss.
2032 5368 2174 5436 263.
2219 5368 2415 5432 2705.
2459 5368 2604 5433 485.
