4652 5800
2356 161 2442 226 20

488 366 680 447 clem,
747 364 1098 430 Artemidis
1150 366 1249 429 ira
1309 373 1599 430 coactum
1653 384 1797 430 esse
1849 368 2386 447 Agamemnonem
2432 373 2502 430 ut
2553 364 2747 429 filiam
2792 365 3117 444 caederet3
3185 370 3253 427 at
3294 363 3485 446 longe
3529 363 3718 428 aliam
3763 384 4021 428 causam
4065 365 4294 447 attulit,

488 487 602 530 cur
647 466 770 531 dea
817 467 1254 530 succensuerit
1296 466 1786 548 Agamemnoni,
1841 486 1983 529 cum
2027 465 2203 530 dicat
2245 486 2493 548 regem,
2549 468 2657 549 qui
2703 486 2780 531 eo
2825 485 3020 546 anno,
3075 483 3200 546 quo
3244 464 3582 546 Iphigenia
3624 478 4022 547 nasceretur,
4069 464 4295 549 promi-

487 567 679 630 sisset
720 566 1213 650 pulcherrimum
1259 566 1405 629 anni
1452 565 1724 630 fructum
1770 586 1840 630 se
1887 587 2029 631 esse
2074 567 2558 647 immolaturum,
2605 566 2923 651 promisso
2953 585 3077 628 non
3109 564 3367 628 stetisse
3384 564 3451 646 ¹).
3540 566 3832 650 Denique
3862 566 3984 631 hoc
4032 586 4295 631 comme·

486 666 765 730 moravit
808 665 1150 750 Euripides
1193 665 1497 749 Aeschyli
1542 668 1991 731 auctoritatem
2045 680 2302 732 secutus
2357 671 2897 750 Agamemnonem
2952 664 3207 746 coniugi
3263 662 3451 728 fidem
3508 665 3881 747 violavisse,
3949 687 4092 731 cum
4145 668 4292 731 Cas-

489 765 784 830 sandram
828 768 1033 851 stupri
1078 767 1534 831 consuetudine
1588 768 1711 830 sibi
1767 767 2173 830 conciliatam
2225 768 2474 833 domum
2519 766 2893 842 duxisset2).
3002 765 3100 829 De
3153 764 3299 847 ipsa
3354 766 3846 847 Agamemnonis
3902 767 4102 832 caede
4163 768 4292 833 fere

487 867 707 931 eadem
753 865 1040 931 feruntur
1083 868 1253 951 apud
1297 866 1685 950 Euripidem,
1732 887 1896 950 quae
1934 867 2290 951 Aeschylus
2338 869 2678 933 memoriae
2723 866 3020 932 tradidit:
3068 868 3606 949 Agamemnonem
3651 886 3795 928 cum
3835 868 4025 930 rebus
4054 868 4291 934 Troiae

488 969 649 1032 bene
694 967 893 1049 gestis
939 987 1295 1049 magnaque
1337 966 1582 1051 praeda
1623 978 1812 1050 parta
1858 967 2109 1031 domum
2152 970 2552 1049 revertisset,
2600 990 2640 1032 a
2684 968 3195 1051 Clytaemnestra
3237 977 3303 1031 et
3346 965 3685 1047 AegisthO,
3738 967 3845 1049 qui
3891 967 4186 1031 balneum
4230 968 4293 1033 ei

486 1067 704 1150 parari
748 1067 1109 1148 iussissent,
1155 1087 1273 1149 per
1316 1067 1527 1130 dolum
1575 1085 1979 1150 oppressum,
2027 1068 2375 1132 crudeliter
2418 1067 2791 1151 occisum³)‚
2860 1069 3048 1133 domo
3084 1069 3355 1132 eiectum
3394 1065 3625 1147 esse4).
3705 1070 3920 1149 Atque
3949 1068 4178 1133 iisdem
4208 1068 4289 1134 de

490 1168 702 1231 causis
746 1167 973 1250 quibus
1017 1166 1371 1249 Aeschylus
1416 1165 1760 1251 Euripides
1804 1176 2209 1233 excusantem
2254 1189 2322 1233 se
2369 1168 2526 1234 facit
2570 1169 3144 1251 Clytaemnestram
3190 1168 3271 1234 de
3315 1168 3630 1231 facinore:
3703 1187 3868 1250 quae
3912 1168 4101 1249 dicit,
4150 1189 4292 1234 cum

486 1267 885 1350 Iphigeniam
929 1268 1320 1350 Agamemno
1365 1266 1560 1350 impie
1604 1269 1971 1333 necavisset
2015 1281 2429 1352 stuprumque
2470 1270 2796 1335 intulisset
2840 1269 3218 1348 indomum,
3264 1267 3479 1332 facere
3525 1286 3596 1331 se
3632 1285 3759 1330 non
3806 1269 4095 1351 potuisse
4138 1269 4291 1351 quin

490 1368 825 1449 coniugem
869 1367 1197 1433 occideret
1212 1366 1281 1449 5).
1371 1366 1612 1431 Tamen
1656 1374 1902 1430 tantum
1946 1370 2145 1449 abest,
2189 1375 2259 1432 ut
2308 1376 2500 1449 poeta
2531 1369 3098 1452 Clytaemnestram
3131 1370 3224 1433 eis
3270 1368 3482 1433 causis
3521 1387 3676 1431 vere
3700 1382 4065 1433 excusatam
4114 1368 4285 1450 velit,

488 1479 557 1531 ut
601 1467 939 1549 Sophoclis
984 1468 1430 1531 auctoritatem
1474 1474 1729 1532 secutus
1761 1467 1935 1531 dieat
1977 1468 2230 1552 culpam
2277 1469 2414 1533 eius
2456 1470 2652 1534 multo
2699 1471 3059 1551 graviorem
3105 1488 3247 1534 esse
3277 1468 3777 1545 existimandam,
3824 1468 3975 1551 quia
4003 1476 4287 1532 nontam

488 1568 982 1650 Agamemnonis
1050 1567 1300 1631 delictis
1354 1573 1524 1631 esset
1582 1566 1883 1649 adducta,
1949 1577 2019 1632 ut
2079 1570 2411 1651 coniugem
2467 1571 2820 1653 occideret,
2888 1591 3072 1653 quam
3127 1570 3329 1651 ipsius
3371 1568 3643 1652 perfidia
3700 1575 3894 1651 atque
3937 1567 4286 1644 adulterio:

488 1670 855 1752 priusquam
901 1668 1065 1731 enim
1112 1666 1444 1730 consilium
1489 1675 1663 1732 esset
1703 1669 1927 1732 initum
1969 1675 2040 1733 ut
2082 1670 2423 1753 Iphigenia
2466 1679 2879 1752 mactaretur,
2937 1690 3074 1735 eam
3126 1668 3287 1732 nihil
3340 1667 3660 1753 antiquius
3703 1670 4035 1749 habuisse,
4104 1688 4290 1750 quam

489 1775 559 1831 ut
603 1767 775 1831 culta
818 1779 989 1832 esset
1030 1766 1442 1852 placeretque
1487 1769 1781 1850 speculo,
1847 1769 2138 1832 nimirum
2196 1769 2367 1852 quod
2416 1772 2632 1853 turpia
2681 1769 3100 1853 moliretur‘3);
3172 1769 3510 1835 interfecto
3558 1777 3767 1834 autem
3811 1772 4288 1853 Agamemnone

488 1868 865 1953 Aegisthum
907 1866 1261 1931 adulterum
1303 1866 1585 1951 plurimi,
1626 1868 1867 1933 liberos
1906 1889 2055 1933 suos
2097 1890 2217 1954 pro
2262 1869 2464 1934 nihilo
2511 1872 2979 1952 aestimavisse,
3037 1891 3179 1934 cum
3224 1871 3549 1952 nupsisset
3588 1870 3686 1933 illi
3704 1868 3786 1951 ⁷),
3829 1869 3946 1932 hos
3991 1869 4288 1934 eiecisset

489 1967 678 2032 domo
695 1968 767 2049 8).
856 1966 1276 2043 Quamobrem
1321 1967 1662 2051 Euripides
1706 1988 1911 2051 neque
1956 1970 2207 2034 dubitat
2246 1971 2502 2035 nomina
2542 1971 2761 2055 turpia
2802 1971 3349 2054 Clytaemnestrae
3400 1971 3728 2054 imponere
3742 1968 3791 2051 9)
3837 1980 3903 2034 et
3948 1968 4108 2034 dicit
4150 1988 4291 2033 eam

490 2089 633 2134 cum
677 2068 913 2153 populo
959 2068 1344 2149 Argivorum
1385 2068 1535 2131 odio
1580 2077 1775 2151 atque
1821 2070 2213 2154 contemptui
2256 2090 2400 2136 esse
2417 2068 2525 2152 ¹⁰),
2591 2077 2724 2135 tum
2766 2073 2848 2136 ab
2893 2073 3097 2157 ipsius
3141 2080 3329 2156 patre
3373 2072 3713 2154 Tyndareo
3759 2070 4015 2152 dignam
4057 2071 4288 2154 putari,

488 2188 655 2251 quae
700 2167 1018 2251 supplicio
1064 2166 1429 2231 afficeretur
1454 2165 1547 2248 ¹¹).
1637 2171 1734 2232 Ac
1779 2188 1858 2233 ne
1912 2170 2056 2252 ipsa
2111 2171 2366 2253 quidem
2418 2169 2927 2253 Clytaemnestra
2977 2179 3193 2257 potest
3245 2172 3368 2236 sibi
3426 2170 3820 2255 persuadere
3861 2170 4047 2253 gravi
4093 2169 4283 2253 culpa

493 2289 564 2335 se
606 2288 858 2351 vacare,
904 2288 1045 2331 cum
1091 2276 1261 2331 metu
1305 2269 1616 2351 perculsa,
1661 2289 1742 2333 ne
1769 2268 2032 2335 Orestes
2075 2272 2277 2335 redux
2321 2273 2403 2335 ab
2448 2271 2594 2354 ipsa
2637 2290 2877 2354 poenas
2921 2281 3174 2356 repetat
3196 2271 3289 2354 l⁵³),
3335 2292 3462 2336 non
3503 2271 3736 2335 laetari
3781 2290 3924 2335 sese
3967 2271 4158 2334 rebus
4205 2271 4289 2333 ab

485 2371 635 2454 ipsa
679 2368 989 2453 perfectis
1032 2368 1519 2451 profiteaturffl).
1606 2371 1903 2452 Aegisthi
1943 2391 2097 2436 vero
2142 2371 2427 2435 moribus
2472 2370 2891 2453 depingendis
2933 2370 3275 2453 Euripides
3321 2391 3583 2455 operam
3628 2370 3821 2448 dedit,
3867 2391 3991 2452 quo
4039 2369 4291 2453 planius

488 2479 554 2536 et
596 2470 881 2554 apertius
927 2468 1366 2551 intellegamus
1412 2489 1551 2532 eum
1596 2489 1739 2535 esse
1800 2472 2114 2536 hominem
2170 2485 2298 2535 tam
2351 2469 2660 2535 nefarium
2718 2493 2903 2556 quam
2962 2474 3286 2555 ignavum,
3353 2473 3591 2556 quippe
3642 2471 3752 2554 qui
3804 2471 3985 2553 gravi
4041 2470 4290 2535 scelere

487 2570 920 2637 dominatione
963 2571 1048 2634 sit
1078 2570 1336 2652 potitus,
1383 2570 1685 2649 graviore
1725 2571 1978 2635 studeat
2021 2591 2161 2636 eam
2203 2573 2493 2637 obtinere
2509 2572 2604 2654 ¹⁴²).
2665 2572 2851 2637 ‘Cum
2896 2573 3224 2637 nonsatis
3269 2572 3501 2637 habeat
3543 2575 4079 2655 Agamemnonem
4124 2570 4288 2634 ocei-

489 2673 677 2749 disse,
724 2670 915 2735 etiam
960 2668 1319 2752 sepulerum
1353 2670 1488 2733 eius
1529 2671 1879 2752 ignominia
1922 2671 2127 2737 afficit
2166 2681 2234 2737 et
2263 2671 2478 2738 Oresti
2524 2671 2773 2736 absenti
2819 2670 3218 2736 conviciatur
3234 2671 3334 2754 15);
3383 2674 3509 2736 iam
3539 2673 3864 2740 Electram
3895 2679 3962 2736 et
3998 2670 4289 2735 Orestem

487 2773 942 2839 debilitaverat
986 2768 1085 2832 vel
1129 2769 1519 2852 perdiderat,
1566 2790 1705 2835 cum
1731 2771 2055 2837 Electram
2101 2774 2434 2855 agricolae
2478 2774 2545 2837 in
2588 2774 3048 2837 matrimonium
3081 2772 3380 2854 dedisset,
3410 2793 3491 2837 ne
3518 2772 3766 2837 nobiles
3809 2771 4090 2837 fortesve
4118 2770 4288 2833 filios

491 2881 752 2958 pareret
773 2872 868 2953 ¹⁶),
915 2869 1379 2953 maximumque
1421 2872 1772 2955 praemium
1808 2874 1868 2938 ei
1898 2894 1969 2939 se
2012 2894 2154 2940 esse
2198 2874 2488 2939 daturum
2530 2874 2947 2957 promisisset,
2993 2874 3100 2957 qui
3145 2873 3575 2939 interfecisset
3616 2871 3906 2939 Orestem
3926 2870 4030 2951 1“();
4079 2879 4289 2935 tamen

487 2974 660 3037 nullo
704 2970 892 3035 modo
940 2978 1195 3053 poterat
1238 2969 1513 3054 efficere,
1560 2981 1628 3037 ut
1667 2987 1834 3040 metu
1879 2974 2301 3057 gravissimae
2344 2994 2593 3058 poenae
2637 2975 3128 3057 liberareturffl).

788 3073 889 3136 Ita
932 3070 1219 3136 videmus
1264 3073 1454 3137 etiam
1477 3073 1848 3158 Euripidem
1894 3095 2155 3160 operam
2201 3075 2472 3157 dedisse,
2516 3083 2589 3140 nt
2627 3076 3094 3142 demonstraret
3125 3082 3190 3140 et
3217 3075 3598 3157 Aegisthum
3628 3080 3694 3139 et
3723 3072 4290 3155 Clytaemnestram

788 3292 811 3329 ¹
882 3290 1028 3354 Eur.
1076 3289 1105 3349 I
1147 3291 1206 3353 h.
1249 3289 1427 3352 Taur.
1472 3288 1533 3356 6.
1575 3289 1678 3357 24.

789 3291 839 3458 ἲ)
885 3374 1031 3436 Eur.
1078 3311 1174 3438 1:131.
1226 3371 1490 3437 103288.
1543 3411 1622 3421 --
1665 3375 1738 3437 In
1786 3376 2096 3455 tragoedia
2139 3376 2375 3457 ,‚Iphig.
2422 3378 2484 3438 in
2526 3376 2788 3439 Aulide“
2837 3377 2958 3460 (ed.
2991 3374 3197 3436 Herm.
3239 3396 3299 3439 v.
3334 3369 3494 3434 1157
3521 3371 3630 3452 88.)
3676 3372 3860 3432 etiam
3899 3371 4011 3432 hoc
4054 3369 4284 3431 crimini

487 3463 665 3522 datur
706 3461 1176 3539 Agamemnoni,
1244 3460 1396 3537 quod
1451 3456 1607 3520 iusto
1662 3479 1733 3521 ac
1788 3461 2057 3540 legitimo
2103 3461 2628 3542 Clytaemnestrae
2672 3462 2929 3541 coniuge
2973 3469 3185 3522 necato
3233 3459 3401 3520 illam
3444 3457 3696 3516 invitam
3738 3455 3799 3514 in
3847 3453 4289 3515 matrimonium

484 3545 747 3607 duxerit.
835 3542 1033 3612 Quam
1080 3563 1204 3602 rem
1248 3562 1365 3602 non
1407 3541 1684 3622 ignorare
1730 3545 2088 3605 Pausaniam
2131 3545 2274 3605 dicit
2321 3544 2589 3606 Westrik
2629 3544 2668 3609 1.
2717 3546 2754 3610 l.
2802 3567 2858 3626 p.
2902 3543 3014 3608 41:
3059 3542 3431 3618 „Pausanias
3469 3538 3581 3622 (II,
3632 3535 3727 3612 18,
3760 3536 3828 3620 2)
3859 3537 3992 3598 fieri
4024 3538 4286 3618 potuisse

485 3629 645 3702 dicit,
689 3635 758 3688 nt
798 3627 1132 3705 Aegisthus
1176 3626 1501 3699 Tantali,
1568 3626 1853 3708 Thyestis
1897 3628 2032 3702 filii,
2101 3627 2303 3689 fratris
2346 3629 2439 3688 sui
2482 3629 2729 3689 caedem
2774 3633 3008 3689 tantum
3051 3627 3258 3689 ulcisci
3309 3624 3590 3687 volueritz
3666 3624 3962 3702 ισυνοικεῖν
4006 3618 4074 3680 δέ
4111 3641 4282 3701 φασιν

486 3712 659 3777 αὐτὸν
706 3709 1081 3796 (Tantalum)
1125 3704 1608 3793 Κλυταιμνήστρᾳ
1652 3710 1929 3794 παρθένῳ
1974 3711 2133 3795 παρὰ
2176 3708 2493 3795 Τυνδάρεω
2537 3708 2825 3795 λαβόντα’.
2895 3711 3295 3772 Dubitationis
3336 3726 3580 3771 causam
3622 3706 3816 3766 refert
3862 3703 3942 3778 ΙΙ,
3988 3702 4089 3776 22,
4133 3701 4175 3765 3
4200 3722 4284 3765 sc.

485 3797 805 3859 Tantalum
847 3795 1034 3867 illum,
1081 3792 1145 3861 ὃς
1167 3788 1653 3878 Κλυταιμνήστρᾳ
1694 3793 1973 3878 πρότερον
2017 3793 2055 3877 ἢ
2093 3792 2488 3877 Ἀγαμέμνων
2515 3790 2839 3879 συνῴκησε,
2883 3796 3031 3857 alios
3061 3795 3346 3876 Thyestis
3389 3792 3536 3853 alios
3569 3789 3816 3852 Brontei
3847 3789 4049 3850 facere
4077 3785 4284 3849 filium.

484 3882 585 3943 Ex
628 3881 842 3962 quibus
887 3878 1219 3939 Pausaniae
1267 3876 1407 3938 loeis
1450 3877 1561 3940 hoc
1604 3898 1751 3939 sane
1797 3887 1993 3961 patet,
2060 3900 2178 3941 non
2220 3880 2517 3954 defuisse,
2581 3877 2683 3959 qui
2729 3881 3276 3961 Clytaemnestram
3321 3874 3574 3937 Tantalo
3620 3873 3854 3935 cuidam
3900 3872 4089 3932 fuisse
4137 3890 4284 3952 nup·
4377 3911 4384 3917 -

486 3976 608 4028 tam
654 3965 1021 4025 traderent.“

788 4045 836 4126 3)
883 4045 1027 4107 Eur.
1075 4043 1171 4107 ΕΙ.
1220 4042 1442 4106 1—10.
1494 4043 1611 4107 123
1634 4067 1682 4109 s.
1735 4044 1951 4109 15788.
2003 4046 2267 4110 114888.
2355 4044 2457 4107 Or.
2503 4042 2605 4108 25.
2649 4041 2793 4111 486.
2880 4045 3012 4128 Iph.
3058 4046 3237 4109 Taur.
3282 4042 3428 4107 539.

781 4129 835 4211 4)
882 4129 1026 4193 Eur.
1069 4128 1167 4190 El.
1207 4124 1349 4189 289.
1422 4191 1433 4204 ,

783 4212 832 4294 5)
879 4212 1025 4275 Eur.
1071 4213 1168 4274 ΕΙ.
1219 4208 1483 4276 102088.
1533 4212 1796 4278 103288.

784 4296 835 4377 ⁶)
882 4297 1027 4361 Eur.
1075 4296 1170 4358 ΕΙ.
1223 4293 1486 4360 106988.
1537 4295 1698 4362 1089
1727 4319 1808 4361 88.

787 4380 833 4459 ⁷)
879 4381 1026 4443 Eur.
1070 4381 1169 4443 El.
1222 4377 1315 4442 13.
1366 4378 1503 4442 166.
1548 4381 1776 4447 21188.
1825 4380 1966 4445 600.
2016 4379 2176 4444 1089
2201 4402 2249 4444 8.
2337 4379 2440 4444 Or.
2485 4378 2685 4443 5458.

782 4463 833 4545 8)
882 4464 1028 4527 Eur.
1076 4463 1171 4526 ΕΙ.
1224 4463 1400 4524 1488.
1444 4463 1628 4530 6088.
1671 4464 1813 4531 265.
1865 4462 2126 4528 100888.
2213 4465 2312 4526 Or.
2366 4462 2482 4527 187
2509 4486 2588 4528 ss.

756 4547 834 4670 ιζ)
878 4548 1025 4694 ξεῖ
1071 4549 1167 4695 ἐξ.
1214 4544 1647 4696 ἐῧὲὃὲτζῗινώλης
1690 4545 2015 4632 Τυνδαρίς).
2109 4547 2226 4610 117
2274 4548 2518 4630 (στυγναί
2557 4544 2875 4628 Τυνδάρεω
2918 4543 3112 4630 κόρα).
3205 4541 3367 4607 1163
3412 4540 3603 4625 (ὀρεία
3648 4536 3899 4621 λέαινα).

756 4716 804 4753 ¹¹
876 4716 1024 4778 Eur.
1063 4716 1165 4780 Or.
1209 4713 1354 4781 525.

757 4798 807 4836 ¹²
879 4799 1025 4863 Eur.
1073 4800 1168 4863 ΕΙ.
1213 4799 1339 4861 418
1362 4820 1441 4863 88.
1493 4798 1673 4863 1114.

755 4882 807 4921 ¹³
878 4883 1026 4946 Eur.
1067 4883 1162 4944 ΕΙ.
1212 4882 1374 4944 1105
1396 4905 1444 4947 8.

750 4802 833 5046 ΗΞ
872 4966 1018 5031 Eur.
1062 4966 1158 5073 ΕΙ.
1203 4965 1430 5030 91488.
1474 4964 1703 5030 93888.
1747 4964 1872 5028 952
1903 4987 1983 5029 88.

752 5051 831 5213 {2}
873 5050 1025 5199 {1³:321
1066 5051 1164 5199 {l
1207 5049 1565 5200 3323ssss
1596 5155 1645 5198 a.

753 5218 828 5297 ¹⁷)
872 5218 1019 5283 Eur.
1065 5220 1163 5282 ΕΙ.
1207 5217 1290 5281 32
1313 5240 1391 5281 ss.

753 5302 828 5385 18)
874 5303 1020 5367 Eur.
1065 5302 1162 5367 ΕΙ.
1207 5302 1327 5365 831
1357 5325 1433 5364 88.
1481 5300 1607 5363 914
1630 5322 1709 5365 88.
1754 5298 1897 5363 931.
