4652 5800
2395 0 2545 6 Ἰ-..ῂῖ
2578 23 2587 29 .
2876 0 2893 11 Ὃ
3050 1 3058 2 -
3749 10 3754 18 .
4158 0 4163 7 .
4214 0 4322 35 “j-⁷
4360 0 4408 4 „—
4440 1 4489 4 „r

2373 187 2456 251 2ss

1889 388 2179 473 *agoedia
2221 391 2324 454 cui
2371 410 2596 455 nomen
2643 399 2742 455 est
2799 392 3247 471 „Dulorestcs“
3267 393 3343 474 ²),
3410 414 3537 457 non
3595 396 3753 459 satis
3812 404 4089 478 constat,
4154 399 4312 482 quid

1889 498 1966 554 nt
2009 491 2386 570 Pacuvium,
2436 510 2575 553 cum
2619 491 2686 553 in
2729 491 2851 556 hac
2896 492 3234 574 tragoedia
3280 495 3618 575 scripserit
3662 496 3741 560 de
3785 497 4018 562 itinere
4061 498 4312 565 Orestis

1889 613 1907 656 ³
1950 590 2031 655 ad
2079 590 2376 672 fabulam,
2419 611 2591 674 quae
2636 592 2837 657 fertur
2881 593 3049 677 apud
3095 592 3493 678 Euripidem:
3543 595 3837 662 Orestem
3879 605 3946 662 et
3987 597 4314 680 Pyladem,

1889 693 2188 772 avissent,
2235 693 2427 755 armis
2475 711 2856 775 congressos
2902 714 3119 776 regem
3152 695 3389 760 vicisse
3417 698 3612 779 'atque
3639 718 3766 760 una
3804 718 3945 762 cum
3976 698 4315 783 Iphigenia

1925 814 2112 876 quam
2168 792 2231 857 in
2295 792 2637 857 Graeciam
2690 793 3109 859 transferrent
3124 792 3195 877 ³).
3284 798 3584 862 Attamen
3639 806 3786 863 sunt
3828 799 3938 883 qui
3984 798 4206 863 dicant
4246 801 4315 865 in

1889 913 1954 974 e,
2026 912 2190 976 quae
2249 892 2603 980 Sophocles
2658 895 3029 977 scripsisset
3078 896 3146 959 in
3200 895 3491 962 Electra:
3565 896 3858 964 Orestem
3916 898 3981 961 in
4038 900 4313 983 patriam

1889 1014 2035 1058 mam
2081 1000 2147 1057 et
2189 994 2567 1075 Aegisthum
2610 993 2809 1057 ultum
2855 994 3090 1077 esse4).

1895 1091 2238 1159 tradiderit
2282 1093 2362 1158 de
2406 1093 2615 1156 reditu
2661 1092 2915 1159 Orestis
2961 1095 3119 1159 satis
3157 1103 3438 1161 constat:
3501 1117 3629 1160 non
3668 1098 3733 1161 vi
3778 1098 4123 1179 armisque,
4186 1119 4314 1164 non

1889 1216 1924 1257 n
1976 1193 2346 1278 perfecisse,
2390 1201 2457 1256 ut
2500 1194 2566 1256 in
2610 1194 2886 1276 patriam
2930 1194 3273 1259 incolumis
3321 1197 3614 1287 rediret:
3689 1198 3803 1263 scd
3862 1220 4003 1264 cum
4047 1198 4316 1265 Orestes

1889 1324 1894 1353 ι
1946 1307 2301 1378 rapturum,
2366 1293 2767 1375 Iphigeniam
2823 1303 2887 1360 et
2941 1294 3234 1361 Orestem
3298 1318 3336 1360 a
3380 1297 3683 1363 Thoante
3728 1300 4029 1382 precibus
4078 1305 4316 1365 tantum

1889 1393 2038 1458 lade
2087 1395 2153 1457 in
2199 1394 2544 1460 Graeciam
2590 1395 2846 1459 reverti.

1889 1585 1940 1638 >e
1984 1577 2116 1642 Fin.
2162 1576 2249 1651 11,
2291 1576 2392 1651 24,
2440 1576 2537 1642 79.
2636 1577 2702 1652 V,
2746 1576 2847 1654 22,
2893 1576 2994 1642 63.
3082 1579 3297 1641 Naeke
3330 1580 3549 1663 Opusc.
3594 1581 3797 1663 philol.
3829 1583 3924 1644 ed.
3971 1581 4255 1645 Welcker
4284 1582 4317 1643 I

1889 1661 2079 1723 bbeck
2122 1663 2158 1723 l.
2207 1662 2245 1721 1.
2292 1683 2352 1744 p.
2396 1659 2664 1725 86-90.
4310 1671 4313 1676 ’

1889 1792 2034 1890 'fisa
2122 1828 2338 1889 Naeke
2381 1827 2602 1910 Opusc.
2644 1827 2678 1889 Ι
2721 1851 2779 1911 p.
2825 1827 2907 1891 83
2931 1850 3010 1894 ss,
3098 1829 3338 1892 Preller
3382 1851 3473 1910 gr.
3518 1830 3714 1911 Myth.
3760 1830 3826 1891 II
3867 1854 3925 1913 p.
3971 1831 4118 1896 455.

1936 1909 2060 1975 229
2085 1933 2163 1975 ss,
2283 1911 2554 1974 Schoene
2617 1913 2761 1973 Eur.
2809 1912 2939 1995 Iph.
2986 1913 3165 1977 Taur.
3211 1936 3265 1995 p.
3313 1913 3415 1977 35.
3500 1916 3596 1979 Ac
3637 1914 3781 1975 mihi
3825 1935 4061 1996 quoque
4105 1936 4314 1980 eorum

1889 1996 2115 2120 mentis,
2166 2015 2323 2076 quae
2366 1997 2587 2058 tradita
2630 2003 2788 2071 sunt,
2837 2006 2968 2058 tum
3012 1998 3200 2059 hisce:

1889 2121 2032 2309 {gar
2074 2163 2244 2309 {glgi
2289 2167 2472 2244 atque
2518 2182 2705 2244 aegre
2752 2165 2911 2224 male
2956 2164 3219 2226 fructum
3265 2164 3544 2224 feram?“

1921 2295 1934 2308 .
1980 2269 2038 2330 p.
2185 2270 2198 2306 :

1889 2351 2088 2394 escam
2135 2332 2378 2411 ingenio
2429 2341 2497 2392 ut
2540 2351 2740 2393 meum
2785 2339 3021 2414 patrem
3066 2331 3274 2394 ulcisci
3318 2335 3608 2410 queam!“
