4652 5800
766 58 775 65 ⁸
2401 105 2485 167 24

528 311 733 375 minus
780 310 1039 391 dignum
1083 328 1225 374 esse
1268 306 1562 374 Orestem
1608 310 1716 392 qui
1761 308 2164 391 liberaretur,
2210 317 2559 394 propterea
2601 311 2770 393 quod
2815 328 2941 374 una
2985 332 3127 376 cum
3169 333 3393 379 sorore
3436 313 3582 379 Fati
3626 323 3890 380 aeterna
3932 318 4334 399 necessitate,

530 413 635 476 cui
696 411 870 475 nullo
940 409 1126 475 modo
1182 417 1404 494 posset
1456 409 1703 490 resisti,
1759 409 1842 473 ad
1885 417 2131 474 tantum
2184 408 2434 474 facinus
2491 423 2662 475 esset
2705 411 3018 476 adductus
3041 411 3109 495 ¹).
3220 413 3358 491 Quo
3415 414 3548 481 fato
3604 423 3675 480 ut
3728 416 4111 482 destinatum
4168 427 4337 484 esset

531 513 794 591 facinus,
838 510 905 575 id
951 511 1121 594 quod
1166 509 1667 576 enuntiavissent
1696 510 2018 594 Apollinis
2052 510 2331 592 oracula,
2379 511 2470 576 ita
2501 532 2764 576 necesse
2796 532 2941 578 esse
2971 512 3263 578 Orestem
3292 524 3358 579 et
3389 514 3712 580 Electram
3743 537 3951 601 poena
3986 516 4246 581 liberari
4262 515 4331 599 ²).

832 612 928 677 De
967 613 1115 694 ipsa
1159 610 1409 676 Orestis
1451 610 1833 674 liberatione
1889 609 2022 676 sere
2078 611 2298 676 eadem
2356 632 2520 696 quae
2573 613 2930 696 Aeschylus
2985 614 3257 679 tradidit
3300 615 3661 700 Euripides,
3770 616 4063 683 Orestem
4118 616 4332 683 divino

532 721 878 798 praecepto
904 720 1299 790 commotum,
1344 718 1414 775 ut
1441 710 1709 774 Athenis
1754 710 2047 776 Athenae
2091 712 2340 793 signum
2384 712 2893 796 amplecteretur,
2933 714 2998 777 in
3029 718 3391 799 AreopagO,
3423 723 3762 800 postquam
3808 716 4117 781 facinoris
4147 717 4333 781 ratio·

530 835 672 880 nem
716 813 1061 892 habuisset,
1107 810 1441 875 sententiis
1485 810 1749 892 paribus
1796 810 2154 875 absolutum
2198 831 2344 877 esse
2358 810 2431 893 3).
2497 814 2834 897 Perpauca
2863 824 3072 879 autem
3104 835 3268 897 quae
3299 815 3671 901 discrepant
3707 817 3875 883 inter
3905 816 4054 881 illos
4085 824 4332 899 poetas,

531 934 698 980 nunc
743 912 1332 978 demonstrabimus.
1418 912 1520 974 Ac
1563 912 1835 995 primum
1885 911 2142 994 quidem
2187 912 2557 997 Euripides,
2604 914 2753 996 quia
2798 913 3001 978 noluit
3045 914 3301 980 dubiam
3354 915 3602 983 Orestis
3647 937 3903 982 causam
3947 915 4219 981 iudicari
4262 937 4338 983 ac

506 1015 794 1099 ,probari
838 1014 921 1078 ab
963 1012 1342 1092 hominibuS,
1388 1011 1543 1076 deos
1585 1013 1764 1095 ipsos
1808 1011 2077 1076 tradidit
2119 1013 2185 1076 in
2226 1014 2574 1098 Areopago
2608 1013 2688 1078 dc
2726 1012 2975 1079 Orestis
3020 1014 3267 1081 scelere
3310 1017 3664 1082 sententias
3703 1016 4016 1097 tulisse4).
4087 1016 4334 1082 Deinde

529 1115 871 1200 Euripides
910 1114 976 1177 in
1021 1111 1328 1195 „Oreste“
1377 1114 1824 1177 auctoritatem
1846 1113 2150 1194 Aeschyli
2197 1122 2455 1178 secutus
2501 1114 2667 1178 dicit
2706 1112 2938 1194 Oresti,
2984 1134 3127 1178 cum
3171 1137 3379 1201 poena
3420 1115 3750 1181 absolutus
3798 1125 3985 1199 esset,
4029 1137 4148 1201 per
4179 1116 4335 1182 deos

78 1278 79 1283 ,
529 1217 789 1281 licuisse
831 1217 1046 1298 Argos
1088 1212 1303 1277 redire
1345 1230 1735 1296 regnumque
1777 1218 2112 1296 paternum
2165 1213 2581 1298 occupare⁵);
2659 1222 2726 1278 at
2780 1216 2848 1278 in
2905 1214 3240 1291 „Electra“
3303 1216 3503 1281 tradit
3554 1215 3846 1280 Orestem
3898 1220 3980 1281 ab
4036 1216 4338 1301 Apolline

76 1304 81 1441 γ
532 1320 767 1382 iussum
813 1334 956 1381 esse
1001 1333 1315 1396 nunquam
1358 1312 1424 1376 in
1468 1316 1741 1398 patriam
1793 1312 2030 1395 redire,
2097 1315 2212 1378 sed
2271 1316 2336 1378 in
2391 1314 2673 1378 Arcadia
2731 1335 2936 1399 prope
2995 1315 3311 1398 Alpheum
3363 1315 3620 1380 fluvium
3675 1316 4014 1383 considere
4073 1318 4340 1400 urbique

78 1446 81 1507 γ
530 1436 848 1504 praeesse,
898 1434 1062 1498 quae
1107 1415 1188 1477 ab
1233 1414 1378 1495 ipso
1425 1432 1653 1478 nomen
1698 1413 2047 1497 duceretss).
2136 1417 2429 1499 Denique
2472 1418 2540 1480 in
2585 1415 2801 1480 fabula
2848 1415 3226 1499 „Iphigenia
3260 1415 3574 1480 Taurica“
3624 1416 3784 1480 haec
3828 1416 4077 1482 addidit
4119 1427 4338 1501 poeta:

533 1518 825 1585 Orestem
869 1521 1206 1600 postquam
1249 1514 1329 1577 ab
1375 1513 1676 1597 Apolline
1730 1513 2013 1579 Athenas
2067 1518 2295 1581 missus
2354 1520 2418 1581 in
2471 1522 2819 1600 Areopago
2874 1515 3066 1600 culpa
3121 1516 3449 1580 absolutus
3503 1520 3701 1596 esset,
3768 1524 3977 1581 tamen
4032 1537 4071 1581 a
4126 1518 4341 1582 Furiis

536 1617 938 1702 quibusdam,
1006 1635 1169 1698 quae
1213 1612 1452 1677 iudicio
1498 1633 1623 1677 non
1663 1616 2184 1699 acquiescerent,
2254 1618 2564 1699 agitatum
2609 1637 2752 1681 esse
2767 1615 2845 1697 ⁷);
2923 1636 3121 1700 quare
3163 1616 3530 1701 Apollinem
3576 1617 3838 1680 oraculo
3883 1618 4074 1683 tertio
4121 1619 4269 1684 dato
4287 1617 4341 1699 8)

532 1718 797 1783 iussisse
840 1737 981 1781 eum
1024 1716 1091 1778 in
1133 1714 1475 1778 Tauricam
1532 1713 1859 1799 proficisci
1914 1718 2163 1800 signum
2224 1717 2574 1782 Artemidis
2633 1718 2913 1782 caeleste
2963 1717 3247 1781 Athenas
3297 1717 3752 1782 translaturum
3767 1717 3839 1799 ⁹).
3928 1718 4086 1783 Cum
4132 1728 4346 1786 autem

839 1899 886 1981 ¹)
930 1898 1080 1964 Eur.
1125 1899 1224 1962 El.
1272 1896 1431 1960 1247
1458 1917 1538 1963 s.:
1583 1895 1754 1959 αἰνεῖν
1795 1900 1847 1961 δ’
1893 1898 2112 1984 ἀνάγκη
2158 1902 2369 1963 ταῦτα·
2413 1899 2721 1963 τάντεῦθεν
2765 1901 2832 1963 δὲ
2876 1900 2991 1985 χρὴ

1575 1981 1849 2063 πράσσειν
1890 1981 1930 2045 ἃ
1974 1988 2147 2066 μοῖρα
2188 1981 2340 2051 Ζεύς
2380 1985 2429 2046 τ’
2477 1980 2685 2066 ἔκρανε
2728 1986 2831 2046 σοῦ
2876 1982 3029 2068 πέρι.

1276 2062 1528 2129 1290s.:
1575 2065 1962 2150 πεπρωμένην
2005 2066 2118 2150 γὰρ
2164 2072 2367 2152 μοῖραν
2410 2066 2707 2149 ἐκπλήσας
2749 2065 2928 2151 φόνου

1579 2148 2015 2234 εὐδαιμονήσεις
2056 2153 2227 2214 τῶνδ’
2274 2151 2683 2234 ἀπαλλαχθεὶς
2724 2150 2936 2214 πόνων.

1278 2229 1529 2297 1301s.=
1578 2236 1780 2314 μοῖραν
1823 2233 2075 2317 ἀνάγκης
2117 2232 2256 2319 ἦγεν
2300 2235 2370 2298 τὸ
2414 2236 2608 2319 χρεών

1577 2313 1799 2401 Φοίβου
1842 2318 1891 2380 τ’
1939 2316 2153 2404 ἄσοφοι
2192 2319 2468 2401 γλώσσης
2512 2317 2728 2383 ἐνοπαί.

1239 2396 1525 2463 1305883
1570 2399 1748 2462 κοιναὶ
1789 2401 2038 2483 πράξεις,
2084 2401 2261 2464 κοινοὶ
2305 2402 2374 2465 δὲ
2416 2400 2644 2485 πότμοι,

533 2568 613 2633 cf
653 2565 935 2647 Schlegel
980 2565 996 2624 ι
1063 2567 1084 2626 1
1152 2564 1185 2625 Ι
1233 2587 1270 2647 p
1334 2564 1544 2628 20438
1572 2484 1673 2567 μία
1716 2484 1768 2546 δ’
1814 2484 2182 2569 ἀμφοτέρους
2219 2486 2229 2567 l
2267 2484 2381 2569 ἄτη
2424 2484 2694 2569 πατέρων
2736 2483 3066 2549 διέκναισεν.

835 2649 860 2687 ²
931 2650 1079 2715 Eur.
1122 2649 1226 2715 ΕΙ.
1276 2645 1455 2715 1244.
1506 2647 1757 2712 126588.
1845 2649 1949 2714 Or.
2000 2649 2161 2714 1673
2184 2673 2231 2714 8.

834 2732 860 2771 ³
932 2734 1080 2797 Eur.
1124 2732 1221 2798 El.
1272 2731 1540 2799 125488.
1627 2734 1760 2816 Iph.
1808 2733 1986 2799 Taur.
2034 2732 2264 2798 93588.

834 2817 889 2896 4)
936 2819 1115 2880 Certe
1160 2819 1272 2879 hoc
1315 2817 1574 2880 efficitur
1618 2819 1745 2880 loco
1787 2816 1936 2884 Eur.
1980 2818 2080 2880 Or.
2132 2817 2289 2880 1657
2314 2840 2426 2885 ss.:
2473 2816 2600 2880 θεοῖ
2641 2816 2710 2880 δέ
2755 2840 2844 2879 σοι
2887 2816 3047 2902 δίκης
3090 2817 3320 2904 βραβεῖς

54 2900 83 2982 ¹,¹
1252 2894 1261 2906 ⁸
1732 2903 1993 2984 πάγοισιν
2038 2902 2098 2965 ἐν
2132 2898 2437 2984 Ἀρείοισιν
2483 2902 2910 2988 εὐσεβεστάτην

56 2987 83 3023 ³¹
1735 2990 1932 3070 ψῆφον
1973 2986 2265 3062 διοίσουσ’,
2312 2985 2457 3049 ἔνθα
2501 2987 2728 3068 νικῆσαί
2764 3010 2831 3049 σε
2873 2986 3011 3070 χρή.

1154 3067 1246 3132 Cf.
1290 3065 1389 3133 El.
1438 3066 1601 3132 1262
1633 3090 1689 3129 s:
2437 3071 2499 3131 ἵν’
2544 3069 2938 3155 εὐσεβεστάτη

1731 3157 1926 3237 ψῆφος
1970 3154 2173 3239 βεβαία
2216 3154 2263 3216 τ’
2309 3151 2458 3215 ἐστὶν
2498 3150 2568 3215 ἔκ
2605 3176 2675 3236 γε
2717 3156 2818 3215 τοῦ
2863 3155 3035 3221 θεοῖς.

531 3238 617 3301 At
662 3237 720 3297 in
769 3235 894 3296 loco
936 3234 1071 3318 Iph.
1116 3233 1298 3299 Taur.
1344 3232 1467 3296 938
1492 3255 1572 3298 ss.
1618 3256 1735 3298 non
1782 3237 1960 3298 affert
1999 3244 2193 3320 poeta,
2239 3240 2340 3318 qui
2387 3238 2615 3299 fuerint
2659 3238 2910 3311 iudices,
2977 3239 3085 3298 sed
3135 3236 3429 3317 Aeschyli
3488 3237 3904 3298 auctoritatem
3942 3242 4186 3298 secutus
4231 3237 4342 3299 hoc

530 3327 765 3383 tantum
810 3319 973 3393 dicit,
1015 3317 1404 3401 Appollinem
1449 3318 1683 3380 Orestis
1728 3339 1969 3382 causam
2014 3323 2232 3403 egisse,
2275 3323 2585 3387 Athenam
2631 3341 2814 3404 pares
2856 3320 3195 3383 sententias
3238 3320 3294 3381 ei
3338 3320 3808 3383 enumeravisse.

832 3401 884 3485 5)
928 3402 1075 3466 Eur.
1120 3401 1222 3467 Or.
1276 3400 1539 3467 165988.
1628 3403 1692 3464 Si
1736 3404 2055 3486 Euripides
2098 3407 2266 3466 addit
2320 3406 2522 3467 Oresti
2575 3407 2932 3487 imperatum
2987 3424 3150 3477 esse,
3197 3411 3265 3466 ut
3308 3404 3697 3466 Hermionam
3744 3403 4006 3465 Menelai
4045 3402 4229 3464 filiam
4273 3403 4335 3463 in

530 3487 971 3550 matrimonium
1013 3488 1291 3560 duceret,
1359 3487 1605 3548 dubium
1647 3497 1766 3561 est,
1834 3509 1977 3549 num
2034 3501 2212 3571 poeta
2264 3491 2486 3551 sentiat
2541 3491 2820 3551 Orestem
2876 3489 3077 3549 statim
3131 3489 3290 3550 dicto
3340 3489 3687 3550 audientem
3746 3487 3951 3550 fuisse.
4053 3486 4233 3548 Certe
4276 3487 4338 3546 in

531 3572 1033 3647 „Andromache“
1080 3571 1394 3651 tragoedia
1434 3572 1759 3633 memoriae
1806 3574 2051 3634 tradidit
2092 3583 2271 3656 poeta
2316 3574 2706 3635 Hermionam
2758 3574 2947 3655 primo
3002 3572 3396 3654 Neoptolemo
3449 3572 3723 3653 nupsisse
3774 3577 3839 3630 et
3882 3569 4132 3631 Phthiae
4177 3569 4341 3631 habi-

533 3666 723 3737 tasse3
791 3655 1097 3734 aliquanto
1140 3665 1276 3735 post
1317 3653 1596 3716 Orestem
1640 3676 1778 3717 casu
1828 3657 2105 3718 Phthiam
2154 3658 2394 3719 venisse
2438 3667 2500 3719 et
2542 3659 2618 3719 ab
2661 3656 2990 3719 Hermiona
3034 3665 3339 3737 rogatum,
3399 3664 3466 3717 ut
3509 3656 3699 3736 ipsam
3741 3653 4018 3715 manibus
4062 3654 4334 3734 coniugis

531 3741 617 3801 eri
662 3748 810 3813 eret,
856 3739 1074 3820 quippe
1118 3738 1218 3818 qui
1262 3738 1511 3799 iniurias
1554 3739 1667 3819 ipsi
1710 3740 1989 3801 illaturus
2032 3749 2214 3815 esset,
2258 3742 2425 3802 illam
2469 3741 2813 3803 abduxisse.
2905 3741 2995 3805 Cf.
3039 3740 3187 3804 Eur.
3232 3741 3426 3805 Andr.
3472 3741 3567 3802 ed.
3611 3737 3823 3798 Herm.
3855 3735 4070 3801 86088.
4117 3735 4340 3801 89788.

531 3763 658 3887 945
684 3844 761 3886 88.
808 3820 930 3883 971
958 3842 1039 3886 88.
1128 3822 1361 3883 Preller
1403 3843 1494 3901 gr.
1544 3823 1739 3905 Myth.
1785 3821 1850 3883 II
1893 3846 1950 3906 p.
1995 3822 2117 3888 467
2144 3846 2194 3889 8.
4029 3821 4039 3832 ’

833 3904 884 3986 ⁰)
928 3904 1073 3968 Eur.
1121 3904 1219 3970 El.
1269 3902 1448 3971 1273.
1497 3940 1573 3951 —-
1622 3906 1759 3967 Non
1805 3908 2050 3970 dubium
2091 3917 2203 3982 est,
2248 3909 2394 3989 quin
2440 3907 2763 3990 Euripides
2805 3908 2867 3968 in
2912 3907 3025 3969 hac
3068 3927 3134 3968 re
3175 3905 3470 3967 tradenda
3522 3923 3641 3965 non
3696 3905 4043 3987 neglexerit
4084 3904 4340 3979 fabulas,

533 4011 690 4072 quae
735 3990 1012 4051 feruntur
1056 3990 1133 4050 de
1164 3990 1380 4051 Oreste
1424 3991 1582 4071 apud
1626 3993 1927 4066 ArcadeS,
1985 4013 2134 4074 quos
2178 3999 2414 4053 constat
2456 4012 2565 4073 per
2610 3993 2856 4072 longum
2901 3999 3140 4073 tempus
3185 4010 3324 4051 eum
3369 3997 3656 4070 tanquam
3700 3991 3879 4050 deum
3926 3988 4334 4071 (ἐπιτάρροθον

532 4075 803 4136 Herodot
826 4073 876 4147 Ι,
921 4072 1028 4154 67)
1075 4074 1330 4134 coluisse
1370 4094 1506 4136 cum
1530 4075 1662 4135 aliis
1698 4075 1842 4136 locis
1887 4088 2012 4137 tum
2059 4077 2119 4137 in
2165 4076 2313 4137 urbe
2359 4078 2635 4156 quadam,
2681 4076 2776 4137 cui
2821 4094 3038 4136 nomen
3072 4068 3406 4155 Ὀρέστειον
3454 4074 3552 4133 vel
3590 4068 3974 4155 Ὀρεσθάσιον
4021 4070 4208 4133 fuisse
4252 4071 4337 4131 di-

534 4159 707 4222 eitur.
796 4157 885 4220 Cf.
936 4158 1191 4219 Pausan.
1239 4155 1413 4230 VIII,
1460 4156 1517 4232 3,
1567 4159 1630 4234 13
1705 4158 1766 4230 5,
1810 4156 1885 4235 33
1957 4157 2058 4232 34,
2109 4158 2163 4224 1.
2207 4157 2271 4223 2.
2359 4160 2592 4221 Preller
2643 4179 2735 4238 gr.
2779 4159 3032 4238 Mythol.
3077 4157 3144 4217 11
3187 4179 3242 4239 p.
3288 4155 3442 4218 455:
3515 4157 3678 4232 „Der
3731 4155 3873 4220 Cult
3929 4157 4036 4218 des
4091 4155 4341 4217 Orestes

535 4244 695 4304 blieb
739 4244 989 4321 langere
1034 4241 1166 4301 Zeit
1205 4241 1319 4304 auf
1352 4241 1662 4304 Arkadien
1711 4242 2092 4315 beschrankt,
2138 4263 2231 4303 wo
2276 4263 2417 4303 man
2464 4242 2811 4323 gleichfalls
2856 4261 2972 4302 von
3018 4242 3218 4302 seiner
3244 4240 3638 4322 Verfolgung
3681 4241 3869 4302 durch
3914 4240 4012 4301 die
4041 4239 4337 4320 Erinyen‚

534 4328 736 4388 seiner
779 4326 975 4387 Busse
1018 4326 1143 4386 und
1186 4327 1388 4385 seiner
1431 4326 1747 4388 endlichen
1799 4327 2433 4407 Wiederherstellung
2476 4327 2762 4389 erzahlte.
2844 4360 2920 4370 —
2992 4324 3164 4387 Nach
3221 4325 3331 4385 der
3374 4325 3771 4387 arkadischen
3810 4324 4101 4404 Legeude
4159 4324 4339 4386 nahm

534 4411 658 4472 sich
700 4410 971 4474 Artemis
1012 4409 1213 4470 seiner
1253 4409 1314 4469 in
1360 4410 1678 4470 derselben
1735 4409 1934 4472 Weise
1979 4430 2056 4472 an
2102 4411 2218 4471 wie
2262 4412 2418 4473 nach
2463 4413 2571 4472 der
2615 4408 3005 4493 delphischen
3047 4410 3328 4491 Ap0110.“

840 4492 890 4576 ⁷)
934 4493 1079 4556 Eur.
1125 4492 1258 4576 Iph.
1303 4492 1480 4555 Taur.
1527 4490 1653 4555 935
1677 4514 1755 4556 ss.

839 4578 889 4656 ⁸)
935 4577 1082 4640 Eur.
1129 4575 1260 4659 Iph.
1307 4575 1485 4642 Taur.
1533 4576 1607 4640 77
1635 4598 1711 4639 s.:
1758 4576 1849 4651 „a
1895 4576 2109 4662 Φοῖβε,
2156 4581 2261 4640 ποῖ
2298 4579 2357 4661 μ’
2404 4574 2480 4640 αὖ
2520 4577 2678 4660 τήνδ’
2722 4575 2782 4643 ἐς
2828 4574 3007 4659 ἄρκυν
3050 4573 3266 4658 ἤγαγες
3304 4577 3315 4650 l
3430 4574 3649 4658 ήσας;“
3736 4572 3828 4637 cf.
3875 4572 4148 4636 Schoene
4190 4572 4338 4637 Eur.

588 4663 668 4724 ih.
714 4660 889 4722 Taur.
937 4682 993 4743 p.
1039 4659 1153 4723 532
1226 4659 1353 4735 „Es
1400 4680 1526 4721 war
1568 4662 1696 4722 dies
1739 4663 1850 4722 das
1892 4662 2074 4723 dritte
2116 4661 2373 4735 Orakel,
2445 4662 2711 4723 welches
2756 4660 3005 4722 Orestes
3053 4680 3170 4721 von
3213 4660 3349 4742 Apo
3377 4662 3432 4721 lo
3476 4659 3711 4720 erhielt.
3798 4656 3926 4719 Das
3967 4663 4131 4720 erste
4174 4657 4342 4718 hatte

563 4742 663 4800 dei
702 4746 980 4825 geboten‚
1027 4745 1135 4806 des
1179 4744 1399 4806 Vaters
1443 4744 1567 4806 Tod
1610 4764 1688 4805 an
1733 4745 1842 4806 der
1887 4746 2114 4806 Mutter
2158 4748 2281 4807 und
2326 4747 2516 4806 ihrem
2561 4746 2797 4807 Buhlen
2842 4766 2915 4805 zu
2960 4743 3185 4805 rachen
3230 4778 3329 4819 —-,
3377 4742 3616 4805 worauf
3637 4747 3825 4804 unten
3859 4763 3914 4803 v.
3950 4740 4074 4804 975
4102 4740 4338 4825 (Herm.

563 4825 659 4889 hio
703 4827 982 4912 ,,Φοῖβος,
1028 4827 1093 4896 ὅς
1134 4829 1191 4910 μ’
1239 4827 1613 4906 ἀπώλεσενίί)
1655 4828 1996 4908 angespielt
2037 4829 2208 4891 wird.
2318 4830 2444 4891 Das
2498 4830 2712 4891 zweite
2770 4828 2918 4889 wies
2973 4827 3076 4888 ihn
3137 4846 3213 4888 an
3269 4828 3395 4889 sich
3449 4847 3556 4888 vor
3604 4826 3743 4887 dem
3784 4826 4179 4887 athenischen
4222 4823 4343 4886 Ge-

330 4909 830 5004 -2-..N35l1tshot'
867 4915 974 4974 des
1015 4914 1302 4994 Areopag
1344 4933 1546 4993 gegen
1591 4914 1687 4973 die
1730 4912 2005 4993 Erinyen
2051 4935 2125 4974 zu
2170 4921 2647 4987 verantworten‚
2715 4933 2762 4975 s.
2810 4933 2868 4975 v.
2913 4909 3106 4973 9418.
3163 4910 3401 4989 (Herm.
3448 4909 3571 4972 916
3596 4908 3727 4991 88.).
3840 4910 3957 4974 Α18
3999 4909 4147 4970 aber
4190 4914 4343 4970 trotz

537 5000 646 5059 der
687 4997 1177 5079 Freisprechung
1240 5016 1308 5056 er
1381 4998 1531 5057 noch
1596 4997 1807 5056 immer
1874 5017 1988 5058 von
2055 4998 2252 5058 einem
2306 4998 2474 5058 Teile
2530 4998 2638 5058 der
2691 4996 2966 5077 Erinyen
3019 4995 3081 5057 in
3142 4997 3430 5057 weiteren
3485 4994 3752 5056 Irrsalen
3810 4992 4341 5075 herumgetrieben

538 5082 777 5155 wurde,
846 5102 911 5142 so
955 5099 1241 5161 erzwang
1282 5100 1349 5141 er
1391 5100 1507 5141 von
1550 5081 1768 5162 Apollo
1811 5081 2012 5146 dieses
2053 5082 2237 5142 dritte
2279 5080 2535 5155 Orakel‚
2603 5081 2867 5142 welches
2910 5079 3039 5140 hier
3083 5076 3188 5162 (77
3214 5077 3326 5163 88.)
3370 5078 3744 5141 ausftihrlich
3784 5079 4115 5159 mitgeteilt
4159 5077 4339 5141 wird:

539 5166 663 5247 vgl.
711 5187 766 5226 v.
812 5162 1102 5225 970-78
1147 5163 1384 5246 (Herm.
1426 5162 1852 5245 944—952).“

574 5326 651 5390 4ae.
841 5247 892 5330 ⁹)
936 5247 1083 5312 Eur.
1130 5248 1259 5330 Iph.
1307 5247 1485 5312 Taur.
1529 5245 1613 5310 85
1635 5268 1715 5311 88.
1760 5246 1886 5310 950
1907 5269 1984 5309 88.
