4652 5800
4257 0 4306 107 4
4377 0 4493 85 ’κῇ

4373 58 4400 101 λ

4317 109 4426 157 ..⁴

731 420 977 498 Quodsi
1019 420 1431 504 perspicuum
1480 427 1580 483 est
1623 419 1937 483 rationem
1989 439 2066 482 ac
2116 418 2419 482 iudicium
2467 419 2772 501 Aeschyli
2819 419 3041 482 mirum
3098 427 3396 501 quantum
3443 417 3815 500 discrepare
3859 437 3897 479 a
3942 417 4153 499 poetis
4200 424 4265 481 et

430 524 638 609 epicis
682 533 749 587 et
791 520 1036 602 lyricis,
1083 520 1304 602 ecquis
1351 518 1616 582 miretur
1659 518 2049 601 Aeschylum
2096 518 2396 583 nonnulla
2460 517 2539 583 de
2587 516 2822 582 fabulis
2866 519 3014 600 illis,
3076 539 3239 601 quae
3285 518 3366 582 de
3411 517 3615 582 caede
3659 518 4152 599 Agamemnonis
4198 527 4264 582 et

430 623 720 688 vindicta
751 619 1001 685 Orestis
1033 620 1205 703 apud
1253 626 1504 683 veteres
1550 618 1936 697 serebantur,
1995 619 2185 683 aliter
2230 619 2588 702 scripsisse,
2645 619 2948 683 nonnulla
2990 619 3070 682 ad
3103 638 3213 684 eas
3255 618 3512 683 fabulas
3558 617 3886 682 addidisse
3930 617 4033 681 vel
4077 619 4261 681 novis

431 722 819 807 argumentis
865 719 1323 785 confirmasse?
1367 722 1465 783 Ac
1512 720 1785 803 primum
1829 720 2086 802 quidem
2130 719 2492 802 Aeschylus
2537 719 2713 799 dicit,
2761 722 3300 801 Agamemnonem
3345 730 3558 783 natum
3603 738 3747 782 csse
3787 738 4023 801 genere
4068 718 4261 781 scele-

429 830 573 887 rato
619 830 813 905 atque
858 820 1082 902 impi0,
1129 817 1300 900 quod
1345 820 1561 884 odium
1606 820 1867 884 deorum
1914 821 2241 900 subiisset,
2302 822 2456 905 quia
2499 821 2885 903 gravissima
2927 820 3177 883 scelera
3219 827 3434 884 essent
3479 820 3838 884 commissa.
3929 820 4260 901 Thyestes,

429 923 537 1005 qui
582 941 778 1004 aegre
829 920 1049 999 ferret,
1107 918 1275 1001 quod
1326 920 1532 983 maior
1574 930 1726 1004 pars
1772 922 1957 1003 regni
2002 923 2252 1002 paterni
2300 924 2501 987 Atreo
2550 923 2953 1004 contigisset,
3011 921 3148 984 eius
3193 940 3452 985 uxorem
3497 921 3821 1001 Aeropam
3865 921 4070 1002 stupri
4119 940 4259 982 con-

429 1022 769 1087 suetudine
813 1021 934 1084 sibi
984 1018 1359 1084 conciliavit
1380 1017 1456 1100 ¹),
1525 1021 1705 1083 cuius
1763 1041 1965 1103 opera
2011 1020 2271 1086 fratrem
2317 1041 2518 1103 regno
2564 1023 2981 1103 omnibusque
3026 1018 3297 1084 fortunis
3345 1020 3712 1103 expelleret.
3801 1018 3940 1097 Quo
3987 1021 4257 1086 consilio

428 1123 690 1204 cognito
746 1126 982 1186 Atreus
1037 1140 1180 1184 eum
1234 1121 1451 1203 coegit
1504 1121 1693 1185 domo
1750 1128 1815 1186 et
1873 1122 2030 1186 urbe
2085 1122 2318 1187 cedere
2337 1122 2415 1202 2):
2486 1130 2555 1186 at
2610 1124 2899 1205 Aeropa,
2968 1143 3153 1203 quam
3214 1122 3355 1185 sive
3411 1121 3694 1202 pudebat
3749 1120 4056 1185 facinoris
4117 1124 4253 1186 sive

427 1223 820 1308 poenitebat,
867 1240 937 1285 se
982 1220 1398 1303 suspendisse
1444 1220 1731 1305 ferturss).
1802 1222 2040 1306 Stupro
2086 1231 2312 1302 autem,
2362 1221 2536 1305 quod
2585 1226 2882 1305 Aeropae
2936 1220 3243 1286 intulerat
3285 1221 3618 1304 Thyestes,
3664 1221 3976 1286 adductus
4021 1225 4257 1287 Atreus

431 1321 952 1387 scelestissimum
1009 1320 1257 1385 facinus
1318 1322 1665 1404 commisit,
1730 1343 1871 1385 cum
1923 1323 2033 1387 ille
2088 1322 2362 1406 supplex
2405 1322 2651 1387 rediret
2712 1324 2775 1386 in
2821 1324 3123 1405 patriam:
3200 1321 3503 1386 simulans
3550 1323 3717 1387 enim
3765 1344 3905 1386 cum
3949 1323 4149 1388 fratre
4192 1326 4255 1386 in

425 1423 699 1507 gratiam
745 1441 815 1487 se
854 1421 1067 1487 redire
1114 1421 1371 1485 occisos
1416 1420 1719 1504 Thyestis
1768 1422 1935 1485 filios
1990 1423 2057 1486 in
2114 1442 2274 1487 cena
2329 1421 2758 1487 comedendos
2822 1425 2881 1487 ei
2929 1422 3321 1505 apposuit4).
3409 1422 3583 1486 Fieri
3631 1442 3753 1485 non
3800 1425 4033 1506 potuit,
4105 1426 4256 1507 quin

428 1525 592 1588 hanc
636 1523 821 1587 Atrei
866 1523 1147 1608 culpam,
1193 1543 1380 1605 quam
1424 1531 1621 1604 poeta
1666 1522 1827 1585 dicit
1869 1523 2221 1606 πρώταρχον
2267 1520 2505 1605 ἄτην-ἦ),
2560 1524 2982 1604 gravissimae
3026 1543 3272 1607 poenae
3318 1529 3758 1604 sequerentur:
3832 1524 3939 1593 ubi
3986 1526 4258 1608 primum

428 1624 743 1707 Thyestes
790 1623 1110 1706 cognovit,
1158 1623 1311 1707 quid
1356 1627 1591 1687 Atreus
1638 1622 1916 1703 fecisset,
1958 1632 2159 1688 totum
2204 1642 2405 1705 genus
2436 1623 2821 1688 Pleisthenis
2866 1624 3002 1688 sive
3033 1623 3216 1687 Atrei
3261 1634 3633 1687 exsecratus
3680 1632 3796 1705 est,
3842 1645 3968 1706 quo
4017 1624 4254 1688 factum

429 1733 543 1806 est,
591 1737 660 1789 ut
702 1722 937 1789 Furiae
982 1730 1048 1788 et
1090 1725 1314 1806 genius
1359 1723 1529 1786 ultor
1573 1722 1944 1787 Atridarum
1992 1724 2241 1788 domum
2286 1724 2793 1806 ingrederentur.
2880 1728 2980 1788 Ac
3024 1724 3376 1807 Thyestem
3419 1723 3628 1806 ipsum
3676 1724 3938 1788 caedem
3983 1725 4256 1789 filiorum

426 1824 623 1888 ultum
659 1843 819 1903 esse,
866 1824 1085 1888 nescio
1119 1843 1202 1887 an
1247 1823 1484 1887 dixerit
1507 1823 1893 1906 Aeschylus:
1944 1827 2467 1889 commemoravit
2509 1826 2673 1889 enim
2723 1846 2863 1888 cum
2894 1826 3023 1889 alia
3069 1824 3359 1887 facinora
3397 1822 3660 1903 nefaria,
3707 1818 3870 1905 quae
3914 1827 4255 1889 commissa

432 1932 648 1990 essent
689 1925 754 1987 in
798 1943 1035 2007 genere
1082 1943 1158 1987 ac
1208 1923 1397 1988 domo
1442 1923 1833 2004 Atridarum,
1876 1933 2009 1989 tum
2057 1925 2178 1988 viri
2225 1926 2553 1990 cuiusdam
2601 1925 2863 1989 caedem
2910 1924 3146 2008 (ἀνδρὸς
3177 1926 3448 2008 σφαγεῖον
3493 1926 3614 2004 Ag.
3656 1922 3861 2004 1051),
3905 1945 4066 2006 quae
4113 1948 4254 1990 cum

429 2024 631 2088 caede
674 2023 1023 2089 liberorum
1069 2023 1374 2106 Thyestis
1421 2023 1544 2104 (vs.
1595 2023 1781 2106 1055)
1841 2025 2098 2089 videtur
2142 2024 2684 2109 coniungenda⁶);
2755 2035 2930 2091 certe
2986 2025 3292 2107 scriptum
3340 2023 3689 2106 videmus⁷)
3738 2024 4084 2107 Thyestem
4131 2047 4256 2091 uua

428 2144 570 2188 cum
625 2124 941 2207 Aegistho
998 2123 1335 2187 admodum
1389 2143 1589 2207 puero
1643 2125 1723 2188 ab
1780 2128 2260 2207 Agamemnone
2314 2126 2647 2209 expulsum
2703 2145 2872 2205 esse,
2941 2126 3091 2208 quia
3147 2124 3438 2188 nimirum
3493 2127 3692 2188 Atreo
3758 2128 3975 2189 occiso
4041 2147 4250 2192 rerum

431 2226 679 2310 potitus
725 2223 978 2305 cssetss).
1066 2224 1309 2288 Verum
1353 2225 1678 2290 enimvero
1722 2246 1932 2309 poena
1976 2225 2115 2307 illa,
2182 2247 2347 2310 quae
2392 2226 2646 2309 quidem
2693 2228 2775 2291 ab
2818 2228 3020 2291 Atreo
3065 2225 3209 2309 ipso
3254 2232 3394 2288 erat
3439 2224 3605 2303 data,
3651 2245 3775 2289 non
3821 2227 3979 2289 satis
4026 2249 4256 2312 magna

428 2327 799 2410 putabatur,
845 2325 959 2389 sed
1004 2324 1270 2389 sceleris
1314 2324 1492 2387 illius
1537 2327 1620 2389 ab
1664 2330 1865 2391 Atreo
1913 2327 2232 2391 commissi
2279 2328 2623 2411 oportebat
2668 2348 2705 2390 a
2749 2326 2881 2390 filio
2929 2346 3182 2408 quoquc
3226 2335 3634 2409 expeteretur
3678 2346 3912 2409 poena,
3965 2330 4143 2392 cuius
4191 2331 4253 2393 in

429 2426 616 2491 domo
664 2425 988 2508 vigentem
1033 2425 1351 2488 cernimus
1398 2426 1848 2491 auctoritatem
1894 2427 2227 2492 Furiarum
2274 2438 2341 2492 et
2384 2428 2557 2513 genii
2604 2427 2872 2491 aedibus
2917 2425 3178 2506 infensi,
3233 2427 3343 2509 qni
3395 2434 3742 2509 potestate,
3813 2448 3998 2509 quam
4047 2428 4252 2512 primo

429 2527 675 2592 scelere
720 2526 939 2608 adepti
996 2533 1166 2606 sunt,
1234 2526 1436 2608 magis
1489 2527 1821 2609 magisque
1877 2527 2221 2610 utuntur9).
2310 2527 2537 2611 Itaque
2592 2528 3081 2610 Agamemnoni,
3147 2527 3518 2610 priusquam
3573 2528 3712 2609 ipse
3760 2528 4010 2610 culpam
4066 2531 4130 2592 iu
4187 2551 4255 2595 se

430 2627 819 2706 admisisset,
886 2626 1251 2709 prodigium
1304 2625 1462 2689 illud
1517 2626 1872 2708 aquilarum
1935 2629 2239 2710 gravidas
2294 2629 2553 2711 lepores
2608 2628 3070 2692 comedentium
3125 2636 3194 2690 ut
3250 2647 3424 2710 spem
3481 2627 3795 2691 victoriae
3841 2631 4122 2693 ostendit
4167 2632 4256 2694 ita

430 2727 751 2791 nuntiavit
792 2726 1184 2791 Artemidem
1229 2724 1478 2789 Atridis
1523 2726 1905 2790 succensere
1923 2726 2032 2809 ¹⁰),
2101 2749 2228 2793 non
2285 2729 2486 2793 solum
2544 2728 2713 2812 quod
2758 2728 3131 2813 provideret
3172 2728 3433 2792 Atridas
3447 2776 3462 2807 ,
3509 2730 3558 2791 si
3609 2728 3868 2792 Troiam
3913 2732 4255 2812 cepissent,

430 2827 886 2892 moderationis
932 2826 1248 2907 oblituros
1301 2826 1705 2911 victoriaque
1758 2845 1902 2890 esse
1955 2829 2398 2909 abusuros¹¹),
2446 2830 2559 2894 sed
2607 2830 2797 2894 etiam
2842 2828 3014 2912 quod
3059 2829 3364 2893 memoria
3409 2840 3656 2893 teneret
3698 2833 3961 2894 Atreum
4007 2838 4254 2914 patrem

429 2929 689 3008 liberOS,
735 2929 976 3012 quippe
1021 2929 1125 3010 qui
1174 2927 1240 2989 in
1284 2927 1488 3010 ipsius
1535 2928 1737 2993 tutela
1782 2938 2014 3010 essent,
2062 2929 2561 3010 mactavisse¹2>.
3407 2940 3411 2943 ”

736 3181 787 3251 1)
832 3180 1049 3240 Aesch.
1098 3182 1216 3260 Ag.
1268 3178 1426 3242 1151
1454 3199 1502 3240 s.

736 3262 786 3346 ²)
835 3264 1053 3324 Aesch.
1100 3268 1217 3343 Ag.
1267 3263 1536 3330 1551ss.

734 3346 782 3425 ³)
830 3347 1050 3411 Aesch.
1099 3351 1215 3427 Ag.
1270 3345 1450 3410 1050.
1538 3348 1673 3410 Non
1721 3349 1953 3421 dubito,
2026 3349 2166 3428 quin
2216 3356 2382 3409 recte
2425 3349 2650 3408 sentiat
2695 3347 2966 3408 Klausen
3013 3347 3260 3431 (Aesch.
3308 3351 3427 3427 Ag.
3473 3370 3525 3430 p.
3572 3346 3696 3409 224
3717 3349 3796 3431 a.)
3843 3347 4114 3431 ‘alp-edm?
4161 3372 4254 3411 re-

434 3430 575 3491 ferri
622 3433 699 3491 ad
743 3437 996 3491 mortem
1044 3433 1337 3512 Aeropae.
1429 3431 1519 3492 Cf.
1568 3433 1740 3493 Keck
1786 3432 2004 3493 Aesch.
2055 3436 2177 3511 Ag.
2223 3454 2278 3514 p.
2326 3429 2480 3496 375:
2528 3431 2646 3504 „Ja
2690 3453 2756 3492 es
2803 3436 2965 3493 ware
2995 3432 3572 3494 unverantwortlich
3617 3432 3713 3493 die
3747 3433 4254 3516 Ueberlieferung

432 3517 540 3575 des
582 3515 743 3576 Med.
791 3515 923 3575 hier
966 3521 1345 3589 anzutasten,
1393 3519 1587 3579 zumal
1633 3519 1713 3578 da
1756 3518 1865 3577 das
1910 3514 2207 3595 fragliche
2258 3517 2432 3578 Wort-
2475 3536 2611 3577 vom
2657 3516 3028 3578 Scholiasten
3076 3516 3136 3576 in
3181 3516 3814 3596 Uebereinstimmung
3852 3519 3959 3577 mit
4001 3517 4252 3599 Hesych

375 3620 378 3624 ’
432 3600 664 3659 erklart
706 3599 862 3660 wird
910 3597 1050 3678 ιἀντὶ
1096 3600 1199 3660 τοῦ
1245 3596 1510 3683 ἀγχόνῃ’.
1600 3602 1767 3664 Aber
1809 3602 1939 3661 dies
1984 3601 2260 3661 Scholion
2306 3599 2494 3680 zeigt,
2562 3601 2703 3660 dass
2759 3619 2898 3660 man
2953 3599 3163 3660 friiher
3215 3602 3583 3661 verstanden
3639 3602 3744 3662 hat
3796 3600 4044 3683 ἀρτάνᾳ,
4113 3603 4253 3664 dass

433 3683 559 3744 also
601 3680 845 3763 ἀρτάναι
888 3703 1004 3743 nur
1049 3683 1162 3743 auf
1201 3684 1399 3744 einem
1444 3704 1600 3763 ganz
1644 3685 2107 3765 gewiihnliehen
2154 3684 2513 3744 Lesefehler
2556 3685 2836 3748 beruht.“
2922 3685 3127 3753 Quare
3171 3685 3421 3763 corrigit
3449 3684 3622 3746 Keck
3665 3706 3753 3744 vs,
3807 3684 4001 3749 1050:
4045 3685 4255 3762 ,,αὐτο-

433 3763 587 3850 φόνα
630 3766 761 3827 κάκ’
810 3764 1010 3847 ἔδρακ’
1060 3765 1303 3849 ἀρτάνᾳ,
1350 3787 1418 3827 es
1463 3769 1609 3849 (vid.
1658 3770 1869 3828 domus
1912 3767 2290 3849 Atridarum)
2338 3769 2445 3828 sah
2492 3771 2609 3828 den
2656 3769 3028 3829 Selbstmord
3073 3769 3263 3830 durch
3307 3769 3425 3830 den
3471 3768 3758 3849 Strang.“

733 3847 790 3930 ⁴)
838 3851 1058 3910 Aesch.
1107 3853 1223 3931 Ag.
1276 3848 1439 3913 1055
1460 3872 1537 3913 ss.
1589 3850 1750 3913 1176
1773 3873 1850 3913 ss,
1902 3851 2059 3914 1201
2089 3873 2168 3917 ss,
2217 3850 2380 3913 1558
2402 3873 2480 3913 ss.
2572 3851 2834 3934 Choeph.
2884 3850 3062 3914 1065.

738 3932 790 4014 ⁵)
835 3934 1056 3997 Aesch.
1100 3935 1221 4014 Ag.
1272 3934 1451 3996 1151.
1540 3934 1676 3997 Non
1722 3942 1888 3997 recte
1934 3937 2148 4010 sentit,
2218 3941 2285 3995 ut
2330 3937 2569 4017 opinor,
2637 3936 2882 3997 Nitzsch
2949 3933 3126 4012 (Sag.
3170 3936 3227 3996 d.
3275 3933 3378 3998 Gr.
3426 3956 3483 4018 p.
3529 3934 3681 4018 524)
3749 3938 4026 4017 Aeropae
4088 3938 4254 3998 adul-

436 4016 653 4076 terium
698 4018 899 4079 vocari
944 4017 1021 4078 ab
1067 4018 1375 4098 Aeschylo
1419 4019 1812 4102 ,,πρώταρχον
1857 4018 2070 4103 ἄτην“;
2153 4020 2298 4080 dicit
2352 4021 2512 4080 enim
2557 4027 2736 4101 poeta
2777 4019 2993 4081 Furias
3037 4041 3170 4081 cum
3218 4020 3519 4081 hominum
3565 4019 3923 4101 sanguinem
3969 4020 4258 4081 bibissent

437 4101 761 4178 (πεπωκὼς
805 4097 1063 4185 βρότειον
1105 4100 1273 4182 αἷμα)
1316 4103 1376 4162 in
1423 4105 1595 4165 domo
1639 4104 1991 4165 Atridarum
2034 4124 2281 4164 manere
2326 4112 2391 4165 et
2432 4104 2741 4166 celebrare
2770 4104 3122 4187 πρώταρχον
3153 4101 3327 4187 ἅτην;
3371 4114 3694 4186 praeterea
3720 4112 3922 4165 autem
3954 4105 4256 4165 interdum

434 4184 522 4262 (ἐν
566 4183 759 4267 μέρει)
807 4205 913 4245 eas
956 4185 1048 4245 ira
1091 4187 1372 4246 adulterii
1417 4186 1579 4248 illius
1624 4188 1882 4251 incendi.
1995 4189 2249 4250 Accedit
2299 4189 2457 4269 quod
2523 4189 2787 4249 iterum
2852 4207 2932 4249 ac
2995 4188 3295 4270 saepius
3358 4191 3534 4252 docet
3600 4190 3942 4269 Aeschylus
4004 4190 4254 4250 eaedem

432 4267 689 4329 filiorum
734 4268 1023 4349 Thyestis
1068 4288 1313 4330 causam
1359 4269 1545 4331 fuisse
1603 4273 1868 4334 omnium
1920 4272 2241 4346 malorum,
2308 4292 2425 4334 nou
2495 4273 2858 4335 adulterium
2911 4273 3224 4353 Thyestis:
3299 4275 3415 4352 Ag.
3467 4271 3587 4335 142
3610 4295 3657 4334 s.
3735 4272 3897 4335 1145
3921 4293 4000 4336 ss.
4073 4271 4249 4334 1297.

437 4350 598 4414 1468
623 4374 702 4418 ss,
753 4351 933 4414 1480.
984 4350 1146 4415 1566
1169 4374 1250 4418 se.
1340 4353 1431 4416 Cf.
1476 4354 1667 4417 Keck.
1717 4358 1753 4420 l.
1803 4358 1841 4416 l.
1889 4377 1945 4438 p.
1989 4355 2114 4419 395
2137 4378 2184 4417 s.

737 4434 789 4601 {³3
833 4436 1347 4602 {trag-1¹.
1391 4436 1665 4586 33⁷4*

737 4605 790 4681 8)
835 4604 926 4669 Cf.
973 4605 1246 4666 Klausen
1294 4607 1332 4670 l.
1372 4607 1412 4670 l.
1458 4628 1513 4688 p.
1558 4604 1683 4668 226
1706 4627 1754 4670 s.

739 4686 790 4769 ⁹)
832 4686 923 4750 Cf.
970 4689 1244 4751 Klausen
1290 4691 1329 4755 l.
1376 4689 1416 4756 l.
1464 4712 1519 4772 p.
1564 4690 1810 4752 XVIII.
3203 4701 3211 4724 ’-

713 4770 790 4855 ¹⁰)
835 4773 1058 4834 Aesch.
1107 4777 1225 4854 Ag.
1277 4772 1395 4836 107
1422 4795 1501 4835 ss.
1593 4774 1685 4838 Cf.
1730 4774 2003 4836 Klausen
2049 4774 2088 4838 l.
2136 4775 2175 4836 l.
2222 4794 2281 4855 p.
2334 4771 2481 4835 112:
2539 4773 2855 4848 ,‚Calchas‚
2903 4773 3004 4855 qui
3048 4774 3140 4834 his
3184 4772 3399 4853 aquilis
3443 4774 3693 4836 Atridas
3736 4774 4041 4855 designari
4085 4774 4257 4835 intel-

434 4855 605 4930 lexit,
655 4855 892 4918 Troiam
948 4857 1064 4919 hac
1108 4858 1494 4937 expeditione
1539 4858 1695 4921 iusto
1740 4870 2010 4940 tempore
2055 4877 2339 4918 eversum
2382 4858 2454 4918 iri
2497 4858 2801 4940 praedixit
2844 4859 3074 4920 veritus
3118 4858 3320 4932 simul,
3376 4878 3453 4918 ne
3497 4859 3832 4920 exercitum
3876 4860 4259 4939 perturbaret

431 4940 522 5039 ira
565 4940 787 5012 divina,
832 4941 1065 5035 invidia
1107 4940 1357 5037 Dianae,
1404 4961 1559 5022 quae
1603 4943 1836 5019 Atridis
1882 4941 2112 5025 pariter
2155 4941 2399 5003 infensa
2442 4951 2607 5003 esset
2649 4951 2831 5023 atque
2875 4942 3109 5023 aquilis,
3155 4962 3406 5023 quorum
3431 4942 3642 5024 epulas
3673 4942 3803 5004 odio
3835 4942 4144 5006 haberet.“
4175 4977 4256 4987 —

431 5022 526 5252 {L
564 5023 1474 5253 gvpllquzeaggsspggegpiffisg·
1529 5106 1665 5172 126.
1753 5108 1847 5172 Cf.
1916 5107 2294 5171 Schoemann
2362 5110 2473 5170 des
2526 5109 2748 5174 Aesch.
2795 5109 3052 5174 Eumen.
3099 5132 3156 5191 p.
3201 5107 3260 5175 2.
3319 5106 3402 5170 52
3429 5129 3507 5184 a:
3578 5108 3826 5170 Dronke
3871 5109 3908 5170 1.
3954 5109 3993 5173 l.
4040 5130 4097 5190 p.
4143 5108 4252 5186 5ος

492 5211 563 5254 ee
676 5240 783 5357 ⁶¹²}
824 5192 1053 5340 {eat-l·
1104 5276 1221 5356 Ag.
1271 5273 1394 5336 140
1416 5295 1495 5340 ss.
1544 5273 1679 5364 ‚CR
1728 5274 2107 5338 Schoemann
2152 5277 2192 5340 l.
2239 5278 2279 5340 l.
2324 5298 2382 5374 p.
2428 5274 2538 5338 52:
2616 5276 2793 5350 „Von
2845 5277 2955 5338 der
3006 5276 3194 5338 durch
3243 5278 3660 5357 Agamemnon
3706 5276 3984 5355 erlegten
4029 5274 4258 5337 Hindin

435 5360 607 5420 leitet
652 5361 997 5442 Aeschylus
1044 5359 1141 5421 nie
1188 5361 1307 5420 den
1357 5359 1512 5421 Zorn
1559 5360 1667 5421 der
1710 5359 1979 5420 Artemis
2038 5361 2183 5440 ab“;
2226 5382 2284 5442 p.
2330 5359 2442 5422 οὖς
2518 5358 2647 5434 ,,Ει·
2700 5366 2856 5421 setzt
2908 5366 3058 5422 statt
3109 5362 3219 5422 des
3271 5379 3388 5421 von
3444 5360 3553 5419 der
3607 5359 3768 5439 Sage
3823 5358 4256 5422 iiberlieferten
