4652 5800
2208 198 2286 260 21

339 412 562 494 dignos
618 408 842 487 fuisse,
910 406 1019 489 qui
1073 402 1488 486 gravissimas
1545 422 1790 488 poenas
1844 402 2095 468 darent:
2174 421 2335 485 quas
2389 402 2711 466 Electram
2771 411 2836 468 et
2891 402 3183 469 Orestem
3235 405 3318 467 ab
3371 404 3453 467 iis
3500 405 3840 486 repetiisse
3883 403 4150 467 tradidit

338 509 640 593 Aeschyli
694 514 760 572 et
811 504 1155 589 Sophoclis
1211 503 1657 568 auctoritatem
1724 511 2000 568 secutus.
2109 500 2294 579 Quod
2361 510 2574 566 autem
2626 503 2723 565 illi
2776 503 3009 568 litteris
3067 503 3528 568 mandaverunt
3591 512 3656 568 et
3707 504 4030 568 Electram
4086 510 4152 567 et

339 613 629 678 Orestem
672 615 821 671 ante
864 604 1077 669 omnia
1121 623 1336 668 amore
1390 605 1593 689 patris
1640 605 1903 687 eiusque
1958 603 2315 668 ulciscendi
2372 602 2725 690 cupiditate
2777 604 3089 668 adductos
3146 624 3288 668 esse
3340 615 3409 669 ut
3459 604 3837 688 Aegisthum
3891 611 3956 667 et
4007 602 4150 686 Cly-

342 714 786 778 taemnestram
831 705 1229 784 occiderent,
1274 724 1400 769 non
1441 704 1747 788 probavit
1788 703 2158 786 EuripideS,
2214 726 2356 770 cum
2402 706 2662 785 diceret,
2708 703 3034 769 Electram
3078 713 3144 769 et
3186 703 3480 770 Orestem
3523 707 3622 769 ius
3667 705 3891 787 fasque
3936 703 4148 768 existi-

341 812 613 876 mavisse
655 828 784 872 non
829 806 1016 870 modo
1062 814 1132 869 ut
1167 805 1374 889 patris
1407 805 1669 870 caedem
1718 804 2182 868 ulciscerentur
2210 806 2323 870 sed
2367 807 2559 871 etiam
2597 814 2665 870 ut
2691 805 2961 869 iniurias
2991 806 3469 885 ulciscerentur,
3515 807 3745 889 quibus
3775 805 3902 889 ipsi
3935 809 4150 868 essent

339 911 571 976 affecti.
680 911 778 972 Ac
831 907 1100 990 primum
1156 904 1412 987 quidem
1466 905 1754 969 maximis
1810 906 1873 967 in
1928 905 2202 969 miseriis
2260 910 2582 970 versatam
2637 924 2781 970 esse
2841 906 3165 971 Electram
3223 907 3517 991 Euripidi
3563 925 3816 991 quoque
3862 907 4143 968 constat:

340 1011 629 1096 quamvis
692 1007 875 1072 multi
925 1005 1177 1070 nobiles
1235 1005 1475 1070 Graeci
1531 1005 1932 1088 optavissent
1984 1014 2052 1070 ut
2107 1024 2245 1070 eam
2289 1006 2357 1069 in
2401 1005 2872 1070 matrimonium
2916 1008 3249 1087 ducerent,
3315 1015 3524 1072 tamen
3579 1009 3658 1071 ab
3714 1006 4027 1089 Aegistho
4085 1010 4150 1069 et

341 1111 851 1195 Clytaemnestra
896 1112 1126 1172 coacta
1191 1114 1289 1171 est
1352 1108 1622 1191 pauperi
1688 1106 2016 1188 agricolae
2078 1107 2320 1171 nubere
2371 1115 2438 1171 et
2482 1126 2697 1170 casam
2768 1107 3061 1174 habitare
3120 1117 3186 1173 et
3248 1110 3423 1172 tenui
3467 1114 3647 1172 veste
3692 1105 3914 1169 induta
3958 1104 4149 1167 maxi·

341 1232 477 1278 mos
521 1212 782 1275 labores
827 1207 1043 1271 subire
1064 1206 1144 1288 1);
1191 1225 1393 1288 quare
1438 1227 1563 1270 non
1608 1207 1960 1271 desistebat
2001 1206 2217 1271 effusis
2263 1205 2549 1270 lacrimis
2597 1218 2664 1272 et
2703 1218 2954 1290 patrem
2999 1210 3179 1292 queri
3231 1216 3297 1272 et
3324 1210 3619 1272 miseram
3656 1208 3859 1291 ipsius
3893 1211 4148 1285 sortem,

345 1336 470 1399 qua
508 1313 648 1376 fore
691 1316 761 1373 ut
800 1309 1186 1372 liberaretur
1230 1328 1269 1369 a
1312 1306 1511 1371 fratre
1555 1307 1928 1391 speraret2).
1995 1307 2136 1371 Etsi
2183 1306 2371 1371 valde
2414 1309 2837 1372 succensebat
2877 1309 2978 1390 iis,
3025 1310 3130 1389 qui
3174 1318 3420 1392 patrem
3462 1309 3871 1371 necavissent
3913 1313 3979 1369 et
4020 1304 4149 1387 ipsi

344 1412 700 1498 turpidines
742 1408 1134 1487 intulissent,
1180 1415 1393 1472 tamen
1439 1426 1564 1471 non
1608 1411 1787 1492 prius
1828 1428 1985 1472 ausa
2018 1415 2116 1472 est
2159 1406 2311 1472 forti
2358 1427 2435 1471 ac
2482 1408 2799 1472 constanti
2844 1410 3054 1473 animo
3100 1409 3205 1474 vel
3253 1410 3439 1473 matri
3490 1409 3644 1472 vitia
3687 1408 4079 1492 exprobrare
4099 1404 4148 1486 ³)

344 1515 445 1580 vel
487 1512 780 1577 inimicos
803 1508 1156 1574 ulciscendi
1203 1508 1536 1571 consilium
1581 1527 1833 1592 capere,
1878 1528 2066 1591 quam
2108 1527 2227 1591 pro
2275 1515 2453 1571 certo
2498 1507 2764 1572 haberet
2802 1508 3029 1575 adesse
3071 1508 3351 1575 fratrem.
3419 1508 3646 1592 Neque
3695 1528 3848 1572 vero
3882 1506 4149 1570 Orestes

345 1613 547 1700 patris
590 1618 836 1676 tantum
875 1609 1137 1674 caedem
1180 1607 1406 1671 ulcisci
1446 1607 1654 1673 animo
1697 1606 2213 1693 proposuerat⁴)‚
2280 1607 2395 1672 sed
2441 1609 2631 1672 etiam
2675 1627 2832 1690 quas
2877 1611 3021 1693 ipse
3069 1608 3432 1692 accepisset
3475 1610 3757 1674 iniurias.
3849 1605 3938 1671 Ut
3986 1606 4151 1670 enim

345 1712 688 1797 Euripides
737 1710 951 1774 multis
993 1708 1156 1774 locis
1203 1706 1740 1789 commemoravit,
1786 1707 1853 1770 id
1898 1707 2069 1790 quod
2111 1708 2434 1789 Aeschylo
2478 1718 2543 1772 et
2587 1708 2896 1792 Sophocli
2928 1716 3227 1774 constare
3257 1710 3700 1789 intelleximus,
3746 1709 3828 1772 ab
3850 1704 4152 1790 Apolline

349 1814 639 1879 Orestem
682 1812 920 1875 iussum
965 1808 1171 1892 esse5)
1216 1811 1284 1873 in
1325 1811 1601 1894 patriam
1644 1806 1857 1871 redire
1900 1817 1971 1872 ut
2013 1815 2260 1891 patrem
2304 1808 2748 1889 ulcisceretur,
2794 1809 2887 1873 ita
2928 1830 3053 1873 non
3099 1811 3313 1874 omisit
3353 1810 3734 1894 periculum,
3806 1806 3979 1890 quod
4022 1804 4149 1887 ipsi

348 1913 562 1980 Oresti
604 1912 988 1975 imminerett
1036 1929 1183 1974 nam
1226 1909 1500 1974 futurum
1547 1908 1759 1988 fuisse,
1804 1915 1874 1972 ut
1903 1909 1985 1971 ab
2013 1908 2329 1991 Aegistho
2360 1906 2843 1990 interficeretur,
2890 1910 3012 1972 nisi
3057 1910 3474 1994 paedagogus
3508 1928 3704 1974 senex
3737 1911 4151 1991 Agamemno-

351 2015 447 2078 nis
492 2033 631 2078 eum
676 2011 971 2075 manibus
1012 2009 1188 2073 illius
1232 2010 1598 2094 eripuisset;
1644 2029 1721 2072 ac
1764 2028 1845 2073 ne
1890 2015 2018 2072 tum
2042 2008 2312 2091 quidem,
2346 2028 2490 2072 cum
2519 2007 2783 2073 Orestes
2823 2009 3004 2074 exsul
3034 2011 3206 2093 apud
3239 2010 3604 2095 Strophium
3647 2018 3833 2089 esset,
3879 2005 4151 2071 desiisse

350 2112 725 2196 Aegisthum
770 2130 1032 2194 operam
1079 2110 1234 2175 dare
1280 2130 1465 2193 quam
1509 2110 1860 2190 maximam,
1905 2116 1976 2171 ut
2016 2108 2126 2173 ille
2172 2128 2208 2173 e
2252 2107 2461 2172 medio
2508 2109 2837 2174 tolleretur
2851 2110 2921 2192 6).

649 2211 833 2289 Quod
876 2210 1229 2291 Aeschylus
1275 2218 1342 2274 et
1384 2210 1740 2294 Sophocles
1786 2208 2187 2273 tradiderunt
2227 2208 2293 2271 in
2339 2210 2515 2290 Argo
2563 2210 2719 2275 urbe
2773 2219 2838 2275 et
2887 2212 2955 2275 in
2994 2211 3154 2295 ipsis
3200 2211 3465 2275 aedibus
3510 2210 3708 2289 regiis
3751 2228 3869 2294 per
3912 2209 4038 2270 vim
4086 2212 4153 2271 et

349 2313 617 2378 insidias
661 2314 743 2376 ab
787 2311 1017 2376 Oreste
1060 2310 1437 2375 interfectos
1483 2328 1627 2374 esse
1670 2310 2046 2392 Aegisthum
2089 2320 2156 2373 et
2198 2307 2799 2393 Clytaemnestram,
2865 2311 2931 2375 id
2983 2310 3278 2395 Euripidi
3332 2332 3554 2394 parum
3600 2309 3936 2394 probabile
3979 2305 4154 2372 vide·

349 2411 629 2495 batur⁷):
705 2433 905 2496 quare
950 2412 1335 2475 auctoritate
1381 2420 1662 2474 veterum
1706 2418 2038 2493 poetarum
2084 2408 2383 2491 neglecta
2426 2409 2556 2472 alia
2598 2412 2849 2477 ratione
2904 2432 3056 2475 usus
3110 2412 3459 2491 enarravit,
3527 2410 3841 2495 quomodo
3888 2408 4151 2473 Orestes

351 2533 634 2578 sororem
676 2513 1056 2597 reppererit,
1100 2511 1252 2593 quid
1300 2509 1555 2574 consilii
1600 2508 1804 2574 frater
1847 2518 1913 2573 et
1953 2529 2143 2573 soror
2173 2509 2465 2592 ceperint
2505 2510 2799 2575 inimicos
2831 2511 3201 2592 ulciscendi,
3248 2511 3564 2596 quomodo
3597 2512 3990 2595 propositum
4024 2510 4153 2572 sint

349 2613 650 2679 assecuti.
739 2612 1004 2678 Orestes
1046 2613 1245 2694 igitur
1287 2610 1509 2673 urbem
1551 2609 1758 2694 ipsam
1795 2609 2036 2673 intrare
2080 2611 2341 2690 veritus,
2388 2629 2530 2673 cum
2575 2620 2769 2675 noctu
2819 2614 3182 2696 sepulcrum
3227 2614 3430 2697 patris
3461 2612 3720 2693 adisset,
3765 2612 3830 2674 in
3876 2609 4152 2674 confinio

348 2712 677 2795 Argolidis
717 2715 1096 2778 versabatur
1139 2731 1216 2776 eo
1260 2710 1550 2790 consilio,
1594 2715 1665 2771 ut
1707 2721 1774 2774 et
1817 2708 2011 2776 facile
2053 2710 2337 2791 effugere
2379 2722 2605 2794 posset
2647 2719 2713 2776 et
2756 2731 3037 2778 sororem
3081 2715 3412 2797 reperiret,
3457 2734 3643 2795 quam
3683 2713 3815 2776 ruri
3861 2711 4153 2774 habitare

349 2811 774 2896 acceperatss).
863 2813 983 2878 Oui
1027 2833 1169 2879 cum
1215 2811 1607 2876 occurrisset
1651 2829 1856 2892 neque
1899 2811 2113 2875 statim
2158 2810 2474 2894 aperuitss)
2522 2812 2664 2894 quis
2716 2822 2905 2894 esset,
2949 2833 3154 2897 neque
3199 2815 3513 2878 nuntiavit
3535 2811 3609 2897 ¹⁰)
3659 2812 3952 2878 Orestem
3998 2830 4154 2875 mor·

348 2923 519 2979 tuum
564 2934 739 2980 esse:
786 2913 901 2979 sed
945 2915 1214 2978 amicum
1240 2913 1488 2978 Orestis
1531 2910 1768 2976 exsulis
1795 2931 1865 2977 se
1909 2932 2052 2977 esse
2096 2911 2399 2975 simulans
2446 2931 2524 2976 ex
2568 2931 2789 2978 sorore
2823 2923 3235 2998 percontatus
3275 2922 3389 2996 est,
3437 2914 3964 2998 quemadmodum
3992 2913 4154 2996 Argi

347 3036 453 3082 res
499 3035 569 3081 se
609 3016 878 3080 haberet
920 3024 985 3078 et
1027 3013 1180 3097 quid
1224 3012 1459 3092 Oresti,
1504 3013 1560 3076 si
1603 3014 1993 3093 revertisset,
2040 3020 2212 3078 esset
2242 3012 2620 3093 faciendum,
2665 3021 2735 3077 ut
2762 3015 3140 3098 Aegisthum
3173 3022 3240 3080 et
3281 3016 3849 3100 Clytaemnestram
3884 3015 4154 3079 ulcisce-

350 3114 639 3197 return).
726 3113 967 3190 Quibus
1010 3115 1202 3178 rebus
1249 3113 1591 3196 diligenter
1634 3114 1945 3196 expositis
1989 3112 2253 3177 Electra
2297 3113 2546 3180 Orestis
2590 3116 2886 3194 amicum,
2954 3118 3060 3199 qui
3114 3118 3173 3181 ei
3218 3117 3555 3181 videbatur
3600 3135 3769 3196 esse,
3836 3116 4048 3179 oravit
4089 3124 4156 3179 et

350 3215 733 3288 obsecravit,
779 3221 849 3277 ut
876 3214 1169 3279 Orestem
1199 3215 1515 3293 incitaret,
1541 3226 1611 3276 ut
1649 3233 1837 3295 quam
1878 3213 2211 3278 celerrime
2244 3214 2308 3277 in
2341 3216 2614 3296 patriam
2645 3216 2888 3282 rediret
2917 3237 3157 3281 summa
3187 3217 3459 3282 audacia
3486 3217 3817 3300 praeditus
3835 3215 3928 3295 12).
3997 3214 4155 3278 Cum

348 3328 560 3382 autem
611 3314 1027 3399 paedagogus
1077 3334 1112 3379 e
1167 3314 1461 3378 cincinno
1519 3321 1584 3378 et
1626 3313 1857 3397 pedum
1902 3314 2218 3396 vestigiis,
2285 3315 2393 3397 qui
2449 3313 2702 3378 fuerant
2759 3316 2824 3379 in
2882 3317 3180 3400 sepulcro
3237 3321 3762 3399 Agamemnonis,
3831 3315 4158 3379 coniceret

348 3417 643 3483 Orestem
684 3413 1050 3494 advenisse,
1116 3412 1378 3478 Electra
1430 3414 1713 3478 insanire
1770 3433 1983 3479 senem
2037 3416 2203 3482 dixit
2254 3416 2439 3498 signa
2491 3417 2605 3488 illa
2658 3436 2823 3480 vana
2879 3437 3022 3482 csse
3077 3420 3390 3483 arbitrata
3446 3435 3563 3480 nec
3609 3416 3800 3480 desiit
3843 3415 4153 3491 dubitare,

350 3537 493 3582 num
536 3514 735 3579 frater
772 3514 915 3597 ipse
960 3522 1146 3595 esset,
1203 3507 1542 3598 antequam
1583 3513 1867 3580 ostendit
1906 3535 2099 3580 senex
2130 3516 2301 3579 illius
2339 3518 2709 3581 cicatricem
2755 3517 2942 3582 oculo
2974 3517 3419 3604 acceptamffl).
3486 3518 3586 3596 Ex
3610 3517 3910 3582 Electrae
3942 3516 4155 3579 verbis

352 3623 623 3702 apparet
667 3615 747 3680 de
790 3614 1106 3678 industria
1145 3614 1515 3698 Euripidem
1546 3614 1868 3697 Aeschylo
1898 3617 2057 3680 vitio
2086 3615 2258 3696 dare,
2305 3617 2476 3700 quod
2519 3637 2598 3681 ex
2645 3619 2823 3681 vanis
2852 3617 2982 3682 illis
3026 3619 3244 3701 signis,
3291 3627 3360 3682 ut
3405 3639 3441 3683 c
3487 3618 3782 3682 cincinno
3827 3623 3894 3681 et
3922 3614 4153 3699 pedum

349 3716 659 3798 vestigiis,
704 3714 994 3779 Orestem
1042 3727 1495 3796 agnoscentem
1542 3715 1769 3780 fecerit
1809 3715 2256 3797 Electram²4):
2302 3724 2372 3780 at
2399 3716 2692 3800 equidem
2725 3717 3116 3801 persuadere
3146 3720 3295 3781 mihi
3328 3739 3453 3782 non
3482 3738 3742 3802 possum
3770 3715 4158 3798 Aeschylum

348 3828 527 3884 recte
569 3817 652 3880 ab
696 3815 1003 3899 Euripide
1046 3834 1190 3881 esse
1231 3817 1683 3900 vituperatum.
1779 3814 1947 3893 Quid
2000 3817 2208 3881 enim?
2280 3817 2507 3883 Nonne
2562 3818 2885 3883 Electram
2942 3839 3022 3883 ex
3080 3819 3420 3884 levissimis
3477 3819 3667 3883 rebus
3711 3817 3928 3881 fratris
3978 3835 4156 3900 prae-

655 4081 704 4163 ¹)
748 4081 895 4145 Eur.
943 4082 1042 4145 El.
1092 4080 1270 4144 1988.
1314 4081 1502 4148 5488.
1554 4080 1670 4145 107
1700 4104 1778 4146 88.
1829 4081 2051 4145 18488.
2096 4081 2323 4149 30488.

653 4166 703 4246 2)
749 4163 895 4229 Eur.
941 4166 1038 4229 El.
1088 4163 1172 4226 59
1194 4187 1274 4231 ss.
1323 4165 1443 4229 115
1466 4188 1545 4229 ss.
1596 4164 1711 4228 181
1739 4188 1786 4229 8.
1841 4163 2059 4229 19888.
2104 4165 2247 4230 275.
2340 4166 2428 4231 Cf.
2476 4166 2723 4250 Gruppe
2765 4168 3037 4232 Ariadne
3080 4190 3139 4250 p.
3182 4168 3327 4231 455.
3418 4167 3648 4230 Teuffel
3696 4168 3735 4230 l.
3784 4168 3823 4230 l.
3867 4188 3925 4249 p.
3970 4165 4073 4230 27.

652 4250 704 4332 3)
749 4250 1036 4346 Eur3El.
1090 4247 1434 4312 1060—96.
1526 4250 1619 4315 cf.
1674 4251 1959 4347 Westrik·
1987 4251 2025 4313 l.
2072 4251 2111 4315 l.
2158 4272 2216 4332 p.
2263 4251 2413 4318 184:
2457 4252 2781 4326 „Electrae
2813 4259 3018 4314 autem
3047 4252 3410 4334 Euripideae
3450 4274 3568 4314 non
3600 4271 3674 4313 ea
3715 4259 3809 4311 est
3852 4251 4156 4324 tortitudo,

350 4357 468 4400 non
513 4356 588 4398 ea
631 4339 986 4412 constantia,
1033 4352 1212 4415 quam
1261 4333 1545 4396 Electrae
1590 4354 1735 4395 suae
1782 4336 1990 4394 tribuit
2034 4334 2383 4415 Sophocles:
2444 4338 2600 4415 quod
2644 4338 2662 4397 i
2706 4358 2839 4398 sum
2884 4339 3138 4398 sortasse
3181 4337 3413 4412 melius,
3463 4342 3629 4398 certe
3675 4337 3878 4395 verius
3921 4341 4076 4396 est.“

648 4418 677 4455 4
749 4419 894 4480 Eur.
943 4418 1036 4478 El.
1083 4415 1183 4480 89.
1271 4417 1371 4478 Or.
1417 4415 1542 4479 539
1567 4439 1645 4478 ss.
1694 4416 1834 4481 762.
1880 4415 2022 4479 829.
2069 4415 2189 4479 917
2221 4440 2300 4484 88.
2352 4418 2533 4483 1230.
2581 4419 2658 4481 15
2702 4419 2761 4484 3.
2849 4419 2881 4480 Ι
2926 4422 2982 4484 h.
3031 4419 3213 4485 Taur.
3258 4419 3402 4484 545.
3448 4418 3588 4483 899.

653 4500 679 4622 Ξ
748 4502 894 4562 Eur.
938 4501 1033 4563 El.
1083 4498 1162 4564 87
1188 4521 1267 4566 88.
1317 4497 1480 4563 1266
1503 4522 1612 4598 88.-
1670 4500 1774 4563 Or.
1817 4499 1899 4561 29
1920 4522 1999 4567 88.
2048 4500 2268 4564 15888.
2315 4499 2461 4566 264.
2505 4501 2736 4565 27488.
2782 4502 2854 4565 31
2929 4526 3009 4568 ss,
3054 4502 3286 4570 57888.
3373 4505 3509 4587 Iph.
3557 4503 3754 4567 Taur.
3782 4499 3885 4567 93.
3930 4499 4071 4564 701.

651 4667 678 4792 g
748 4583 1639 4751 gifr'xiffsossgrffig‘r.3?rff}g.8gl
1682 4582 1908 4732 1ῗὲῧῖ
1957 4669 2305 4731 Minokwitz
2351 4671 2390 4734 1.
2437 4670 2476 4733 1.
2523 4691 2580 4752 p.
2629 4669 2726 4735 18.
2812 4673 2887 4734 A.
2940 4672 3038 4733 w.
3086 4671 3370 4752 Schlegel
3414 4671 3455 4736 1.
3500 4672 3538 4732 1.
3585 4670 3617 4732 1
3659 4692 3717 4753 p.
3761 4667 3904 4734 243.

625 4835 705 5000 ἐξ
748 4751 1041 4982 ἓΐεὲυξὲὲ
1066 4751 1917 4982 (Ἑᾨέιῖιζΐθοίξὲὃῐωάἰὲἑῐι
1937 4837 2287 4981 Α88εἰ1ὸ3ὲ1ὲι8
2332 4835 2493 4981 ΟΙΞΟΙΕ
2516 4838 2594 4982 ἐι.
2640 4835 2762 4899 211
2790 4860 2867 4903 88.
2914 4836 3040 4901 266
3062 4858 3141 4901 88.

628 5003 677 5041 n
786 4968 841 5025 Ἰ.
929 4940 1002 5026 op
1047 4968 1062 4984 .
1189 4967 1205 4982 .
1399 4940 1478 4985 88.
1673 4941 1752 4985 88.
1948 4941 2027 4984 88.
2263 4941 2344 4983 88.
2587 4943 2672 4985 88.

625 5013 708 5209 13),
744 5003 899 5232 {235-
937 5003 1042 5233 ἐξ.
1080 5001 1503 5234 Ξξὲ-εδὲὲὲἐᾞ
1549 5088 1824 5170 υτολμῶν
1867 5084 1967 5148 ὑπ’
2014 5084 2247 5170 ἐχθρῶν
2294 5085 2375 5150 οἷν
2420 5086 2724 5172 ἐτολμήθη
2769 5086 2976 5151 uorsa.

349 5337 401 5399 Τ
440 5337 525 5401 uff
564 5339 583 5399 l
626 5253 677 5399 ἰ*
716 5192 983 5402 ,ogr-{J}
1021 5217 1137 5320 'W.
1196 5217 1479 5335 Schlegel
1531 5254 1572 5319 l.
1629 5253 1671 5316 1.
1725 5252 1757 5314 I
1812 5275 1869 5336 p.
1921 5249 2048 5314 235
2070 5273 2118 5317 8.
2232 5254 2585 5316 Minckwitz
2643 5254 2680 5314 l.
2730 5255 2769 5320 l.
2814 5275 2872 5337 p.
2916 5253 3103 5320 40ss.
3218 5253 3465 5337 Gruppe
3532 5253 3804 5318 Ariadne
3862 5276 3918 5336 p.
3962 5251 4087 5316 456
4111 5274 4160 5317 8.

404 5358 437 5399 e
525 5358 559 5400 e
651 5389 667 5404 .
740 5387 755 5402 .
800 5360 859 5422 p.
991 5388 1007 5405 .
