4652 5800
2224 202 2307 265 23

352 412 544 477 etiam
570 409 836 493 gravior
860 404 1154 488 Euripidi
1181 404 1433 469 Orestis
1466 404 1658 488 eulpa
1686 403 1941 468 videtur
1985 422 2128 469 esse
2172 423 2362 487 qnam
2386 402 2734 486 Aeschylo:
2778 403 2884 466 hic
2926 402 3090 467 enim
3122 407 3488 467 excusatum
3531 400 3670 465 vult
3700 400 4011 482 Orestem,
4058 402 4166 484 qui

354 508 720 577 matricidio
765 506 971 590 patris
1017 504 1280 570 caedem
1325 505 1494 568 ultus
1540 511 1715 570 esset
1757 512 1822 569 et
1864 505 2036 569 iusso
2081 524 2209 568 non
2254 504 2444 568 modo
2488 502 2811 587 Apollinis
2856 502 2968 566 sed
3015 503 3208 566 etiam
3248 503 3456 586 patris
3498 502 3731 564 mortui
3775 502 4170 586 obtempera-

352 610 557 674 visset
572 608 647 689 ¹):
693 605 804 670 ille
846 613 1108 671 veretur
1153 604 1510 669 concedere
1556 625 1637 669 ea
1678 625 1749 668 re
1800 613 2167 670 excusatum
2211 623 2354 669 esse
2398 602 2720 684 Orestem,
2764 603 3058 685 quoniam
3105 601 3264 666 facit
3308 622 3446 667 eum
3494 611 3558 666 et
3598 600 3948 667 identidem
3992 602 4168 667 dubi·

352 717 606 785 tantem,
650 705 888 790 Apollo
933 706 1201 790 pulchre
1232 724 1311 769 ac
1343 706 1669 788 sapienter
1702 708 1977 770 suaserit
2005 724 2206 770 necne
2220 704 2290 787 2),
2336 712 2402 768 et
2446 704 2764 768 dicentem
2810 702 3085 767 futurum
3131 702 3328 767 fuisse
3369 708 3442 765 ut
3482 708 3686 785 pater,
3733 702 3790 766 si
3835 722 3978 767 eum
4021 722 4164 766 6611·

354 809 684 889 suluissct,
727 814 981 891 peteret
1021 826 1102 870 116
1146 814 1408 870 matrem
1462 804 1819 885 occideret,
1880 825 2022 871 cum
2064 804 2494 868 matricidium
2547 824 2752 886 neque
2806 804 3266 885 Agamemnoni
3321 802 3514 867 saluti
3572 808 3744 867 esset
3811 808 3877 866 et
3933 802 4162 868 damno

356 907 660 987 Orestiss).
751 909 1051 972 Attamen
1095 906 1239 970 aliis
1283 905 1446 969 16618
1503 912 1699 988 poeta
1752 905 2091 970 confitetur
2134 906 2215 968 ab
2258 903 2487 969 Oreste
2543 906 2745 968 minus
2802 924 3035 987 graves
3079 922 3321 989 poenas
3366 922 3509 967 esse
3552 902 3966 988 repetendas,
4024 922 4167 968 cum

352 1007 645 1091 Apollini
689 1005 1323 1090 obtemperavisset4)
1370 1014 1435 1069 et
1475 1013 1721 1090 patrem
1765 1006 1934 1069 ultus
1976 1002 2239 1085 esset5),
2308 1004 2418 1087 qui
2470 1013 2754 1070 mortuus
2800 1025 3052 1089 quoque
3097 1004 3304 1088 ipsum
3347 1002 3643 1069 iussisset
3685 1004 3808 1067 1166
3854 1001 4154 1084 1666166).

353 1107 599 1192 Utique
643 1108 709 1170 in
752 1107 1082 1190 Euripidis
1124 1106 1479 1188 tragoediis
1519 1104 1819 1188 graviore
1862 1124 2072 1189 poena
2116 1104 2412 1168 affectum
2455 1106 2744 1170 videmus
2788 1104 3086 1170 Orestem
3129 1124 3317 1188 quam
3360 1104 3424 1167 111
3453 1103 3762 1187 Aeschyli
3807 1104 4165 1188 tragoedia.

353 1209 502 1273 Hoc
548 1206 803 1292 quidem
842 1226 972 1269 non
1018 1204 1350 1289 discrepat
1390 1206 1560 1270 inter
1601 1204 1990 1287 Aeschylum
2036 1210 2102 1268 et
2138 1205 2540 1288 Euripidem,
2600 1206 2770 1290 quod
2814 1204 3076 1270 Orestes
3121 1224 3162 1269 a
3202 1204 3414 1268 Furiis
3460 1205 3766 1285 agitatur,
3821 1226 3983 1288 quae
4028 1225 4168 1271 eum

353 1318 525 1373 metu
569 1306 857 1371 afficiant
900 1325 1017 1371 1166
1064 1304 1339 1387 quietem
1382 1323 1616 1387 capere
1662 1302 2081 1388 patiantur⁷)3
2159 1325 2317 1387 quas
2377 1307 2432 1370 si
2485 1305 2830 1395 Euripides
2887 1326 3013 1370 non
3074 1305 3248 1390 ipsas
3295 1304 3360 1367 in
3405 1323 3702 1369 scaenam
3743 1306 4168 1390 procedentes

356 1408 607 1490 fecitss),
651 1413 862 1470 tamen
902 1404 1265 1469 accuratius
1310 1403 1626 1488 prodidit,
1671 1410 1907 1486 quanto
1954 1403 2191 1469 suerint
2238 1406 2620 1472 detrimento
2668 1406 2907 1486 Oresti,
2964 1406 3074 1488 qui
3119 1405 3292 1470 solus
3337 1423 3447 1469 eas
3493 1406 3868 1490 conspicere
3912 1407 4035 1470 sibi
4079 1406 4167 1470 vi-

359 1508 560 1573 detur.
650 1506 813 1571 Nam
858 1525 984 1570 non
1027 1504 1232 1569 solum
1278 1504 1539 1586 sanguis
1585 1504 2005 1588 corporisque
2048 1506 2221 1570 vires
2268 1527 2408 1572 eum
2456 1507 2852 1588 defecerunt,
2913 1507 3006 1570 ita
3067 1513 3138 1570 ut
3188 1506 3568 1589 gravissimo
3625 1506 3845 1570 morbo
3891 1506 4168 1572 afflictus

354 1623 422 1674 et
461 1608 528 1671 in
570 1608 745 1672 vitae
791 1602 1143 1689 periculum
1189 1604 1501 1669 adductus
1546 1603 1960 1687 videreturss),
2008 1605 2124 1670 sed
2169 1607 2359 1670 etiam
2407 1607 2600 1671 animi
2643 1606 2943 1671 valetudo
2987 1626 3190 1689 paene
3221 1603 3509 1690 deperiit,
3556 1626 3697 1671 cum
3727 1606 3914 1670 modo
3948 1607 4164 1673 furore

355 1716 549 1790 atque
593 1706 872 1772 amentia
917 1705 1382 1788 agitaretur-1⁰),
1427 1705 1617 1769 modo
1666 1705 1933 1770 sceleris
1973 1707 2370 1771 conscientia
2415 1715 2764 1772 commotus
2809 1727 2936 1770 non
2980 1707 3323 1772 desisteret
3362 1707 3698 1791 lugeress).
3787 1707 3933 1771 Huc
3979 1727 4157 1773 acce·

356 1811 577 1889 debat,
649 1806 819 1892 quod
863 1805 1182 1886 Orestem,
1251 1807 1360 1889 qui
1403 1812 1663 1890 praeter
1702 1806 2027 1871 Electram
2082 1814 2147 1872 et
2200 1806 2510 1890 Pyladem
2564 1807 2853 1873 omuibus
2905 1806 3042 1872 fere
3095 1804 3455 1873 hominibus
3509 1807 3660 1872 odio
3713 1817 3911 1888 esset,
3978 1827 4161 1873 nemo

354 1910 645 1995 recipere
686 1915 858 1972 tecto
896 1925 1080 1970 nemo
1129 1906 1351 1970 audire
1398 1925 1580 1970 nemo
1623 1906 1871 1989 alloqui
1912 1926 2094 1971 nemo
2140 1907 2436 1991 aspicere
2479 1906 2851 1987 volebatffl).
2929 1907 3212 1992 Populus
3255 1928 3411 1973 vero
3459 1909 3846 1991 Argivorum
3890 1909 4161 1974 consilio

357 2009 678 2093 Tyndarei
725 2006 1275 2091 Clytaemnestrae
1318 2008 1522 2089 patris
1570 2005 1883 2070 adductus
1927 2007 2056 2069 iarn
2100 2006 2479 2072 decreverat
2518 2009 2787 2092 primum
2829 2016 2901 2070 ut
2939 2006 3202 2072 Orestes
3228 2015 3312 2073 ,et
3352 2007 3615 2073 Electra
3656 2008 4165 2092 lapidibus-coo·

355 2111 733 2196 perimatur,
778 2115 908 2171 tum
943 2125 1020 2172 eo
1052 2106 1322 2170 consilio
1368 2113 1610 2170 mutato
1656 2113 1725 2170 ut
1766 2106 1891 2190 ipsi
1937 2125 2007 2171 se
2050 2107 2603 2190 inte1·ficerent¹3)3
2646 2126 2852 2188 neque
2896 2107 3153 2171 dubium
3198 2114 3314 2189 est,
3360 2109 3509 2192 quin
3554 2106 3815 2173 Orestes
3858 2129 3985 2172 una
4019 2128 4161 2173 cum

356 2230 579 2277 sorore
621 2209 993 2273 interiturus
1037 2206 1256 2285 fuerit,
1324 2207 1447 2270 11181
1503 2206 1763 2271 deorum
1824 2205 2063 2270 auxilio
2116 2207 2426 2273 liberatus
2482 2217 2653 2272 esset
2710 2207 2883 2272 vitae
2925 2208 3232 2293 periculo,
3319 2207 3610 2292 Namque
3653 2208 3776 2273 1166
3819 2209 4161 2294 Euripides

357 2309 667 2391 Aeschyli
710 2307 1160 2371 auctoritatem
1204 2317 1460 2372 secutus
1505 2309 1845 2372 memoriae
1890 2306 2183 2388 tradidit,
2249 2306 2540 2373 Orestem
2582 2331 2620 2371 a
2663 2308 2801 2373 deis
2852 2309 3190 2374 liberatum
3231 2328 3375 2373 esse
3419 2328 3655 2392 poena,
3726 2330 3851 2393 qua
3893 2310 4160 2375 affectus

358 2416 517 2476 erat.
585 2408 671 2472 Et
711 2408 1069 2488 Aeschylus
1113 2407 1426 2471 docuerat
1470 2428 1507 2470 a
1548 2408 1686 2472 deis
1728 2408 2068 2474 liberatum
2114 2426 2258 2472 esse
2303 2408 2613 2490 Orestem,
2658 2410 2810 2493 quia
2855 2429 3062 2494 neque
3105 2410 3439 2491 dubitavit,
3485 2411 3636 2494 quin
3681 2418 3857 2475 recte
3901 2408 4165 2477 fecisset

363 2510 660 2594 quoniam
698 2508 877 2573 iussu
918 2507 1241 2589 Apollinis
1284 2514 1532 2590 patrem
1574 2508 1744 2572 ultus
1787 2515 1975 2590 esset,
2020 2526 2225 2589 neque
2268 2506 2515 2574 iudices
2563 2530 2703 2575 eum
2749 2510 3341 2590 condemnaverunt,
3389 2510 3627 2595 quippe
3671 2510 3779 2591 qui
3823 2530 3948 2574 non
3991 2512 4168 2593 igno-

356 2618 576 2675 rarent
608 2609 900 2673 Orestem
938 2606 1154 2672 facere
1184 2627 1311 2670 non
1345 2608 1647 2692 potuisse,
1678 2618 1749 2672 ut
1774 2606 2100 2695 Apollinis
2128 2610 2343 2673 verbis
2386 2610 2717 2675 resisteret
2760 2607 3105 2693 officioque
3148 2612 3354 2695 patris
3396 2610 3749 2675 ulciscendi
3796 2610 4164 2694 1166886114).

362 2710 531 2789 Quid
573 2708 812 2791 igitur?
855 2706 1020 2772 Num
1065 2706 1255 2789 idem,
1302 2709 1472 2791 quod
1518 2710 1876 2794 Aeschylus
1920 2710 2119 2791 finxit,
2169 2710 2388 2774 docuit
2429 2710 2822 2792 Euripides?
2864 2710 3008 2774 Non
3040 2710 3283 2794 docuit3
3330 2710 3443 2775 sed
3489 2731 3564 2775 66
3611 2710 3781 2794 quod
3823 2711 4165 2778 memoriae

357 2811 626 2877 tradidit
668 2818 734 2874 et
776 2807 1069 2872 Orestem
1113 2808 1322 2892 ipsum
1366 2830 1575 2893 poena
1620 2811 1877 2893 dignum
1918 2812 2041 2875 sibi
2091 2812 2294 2875 visum
2342 2831 2484 2876 esse
2529 2818 2594 2875 et
2635 2811 2937 2897 populum
2984 2812 3367 2894 Argivorum
3422 2811 3813 2893 decrevisse,
3869 2821 3938 2876 ut
3977 2813 4167 2877 inter·

356 2912 684 2990 ficeretur,
730 2907 883 2992 quid
928 2910 1202 2974 senserit
1245 2919 1439 2994 poeta
1487 2912 1946 2996 intellegimus:
2006 2913 2300 2979 Orestem
2346 2933 2469 2976 non
2515 2914 2808 2977 excusari
2853 2912 3103 2977 etiamsi
3148 2923 3398 2978 constet
3441 2931 3580 2977 eum
3624 2912 3797 2976 iussu
3842 2913 4164 2997 Apollinis

359 3022 606 3098 patrem
651 3029 796 3076 esse
836 3009 1049 3088 ultum,
1097 3011 1250 3092 quia
1292 3010 1506 3076 facere
1552 3014 1849 3096 potuerit,
1896 3021 1968 3075 ut
2007 3013 2392 3097 imprudenti
2440 3012 2762 3098 Apollinis
2804 3013 2980 3077 iusso
3027 3033 3154 3077 non
3197 3015 3674 3097 obtemperaret
3690 3011 3795 3097 ¹⁵)3
3838 3023 3905 3078 at
3946 3014 4166 3080 nihilo·

663 3329 715 3534 Ξ)
761 3326 937 3473 gur?
941 3324 1176 3473 Ε1.39
1189 3326 1279 3474 18
1288 3408 1433 3475 979.
1473 3409 1614 3475 981.
1667 3410 1831 3474 1190
1856 3433 1935 3475 88.
1986 3409 2150 3473 1244
2176 3432 2255 3475 88.
2342 3410 2446 3474 Or.
2489 3408 2616 3474 566
2639 3431 2687 3473 8.

662 3578 718 3663 4)
759 3493 912 3642 {3}
952 3493 1056 3642 (El.
1100 3492 1368 3642 ῗ24ἰ888.
1418 3575 1579 3641 1266
1609 3599 1658 3642 8.
1708 3577 1887 3644 1302.
1973 3577 2077 3642 Or.
2122 3576 2205 3639 29
2230 3598 2311 3642 88.
2383 3576 2502 3640 158
2526 3600 2605 3643 88.
2676 3575 2819 3642 264.
2884 3575 3114 3642 27488.
3181 3577 3307 3641 318
3329 3601 3407 3645 ss.
3473 3578 3596 3643 578
3621 3599 3701 3646 88.
3771 3577 3951 3646 1672.
4039 3579 4168 3663 Iph.

527 3659 956 3829 ·⁹³·.⁷34÷.
1157 3744 1277 3810 4

664 3829 716 3913 6)
763 3828 856 3893 cf.
901 3830 1050 3893 Eur.
1094 3829 1198 3895 Or.
1240 3827 1500 3897 567883
2350 3827 2443 3904 ,,8ἰ
2472 3827 2541 3891 δὲ
2584 3826 2661 3909 δὴ
2705 3827 2778 3892 τὰ
2822 3828 3076 3912 μητέρος

1566 3915 1764 4013 σιγῶν
1784 3907 2052 3995 ἐπῄνουν,
2091 3910 2148 3973 τί
2187 3912 2245 3993 μ’
2292 3906 2364 3972 ἄν
2407 3909 2607 3994 ἔδρασ’
2640 3911 2696 3973 ’ὁ
2743 3913 3074 3994 κατθανών;

1568 3994 1676 4059 οὐκ
1724 3992 1793 4057 ἄν
1838 4018 1912 4078 με
1956 3998 2139 4077 μισῶν
2184 3994 2486 4079 ἀνεχόρευ’
2535 3992 2843 4101 Ἐρινύσιν·

1566 4101 1605 4161 ⁷²
1568 4077 1998 4224 ςμέῗρέῡμῖἴά
2002 4078 2857 4247 ἷεῗέῗωὲἷῖἕνμῖἒῗζηῖἓῖἷῐηα

676 4243 725 4326 ⁷)
770 4245 918 4309 Eur.
962 4245 1061 4310 El.
1111 4243 1345 4312 12528.
1432 4245 1535 4308 Or.
1581 4244 1682 4310 3.
1728 4244 1957 4308 24188.
2002 4184 2151 4308 397.
2238 4244 2378 4328 11111
2419 4246 2599 4310 Taur.
2643 4245 2829 4312 80ss.
2873 4244 3099 4310 28588.
3144 4244 3373 4314 90588.

671 4329 723 4409 ⁸)
773 4328 897 4390 Vix
940 4330 1310 4412 probandum
1353 4330 1497 4390 mihi
1540 4329 1784 4395 videtur
1827 4331 1984 4411 quod
2029 4329 2173 4391 dicit
2219 4329 2491 4391 Westrik
2535 4331 2576 4393 l.
2623 4331 2663 4393 l.
2710 4353 2765 4414 p.
2813 4329 2922 4394 83.
2973 4333 3220 4412 „Atque
3248 4330 3399 4394 haee
3428 4330 3732 4415 Euripidis
3775 4332 3927 4395 ratio
3968 4331 4176 4393 excul-

368 4414 580 4476 tiorem
622 4421 815 4475 artem
864 4415 1151 4488 declarat,
1191 4414 1543 4495 Aeschylos
1586 4435 1729 4476 vero
1773 4415 2125 4475 rudioreml‘
2110 4412 2146 4448 “

670 4494 721 4577 ⁹)
768 4497 913 4561 Eur.
966 4497 1067 4559 Or.
1113 4460 1287 4560 8388.
1343 4494 1481 4560 152.
1525 4495 1751 4560 21088.
1793 4494 1935 4559 266.
1983 4494 2208 4561 37688.
2257 4494 2401 4560 866.
2451 4494 2631 4561 1007.

648 4577 726 4652 ¹⁰)
770 4580 916 4645 Eur.
962 4580 1058 4644 El.
1109 4580 1292 4647 1253.
1380 4581 1481 4643 Or.
1528 4578 1629 4644 37.
1674 4577 1816 4643 389.
1905 4578 2534 4662 Ι1111.Τ8111·.27488.

645 4661 721 4744 ²¹)
766 4663 912 4728 Eur.
964 4664 1068 4730 Or.
1112 4663 1370 4730 384ss.:
1472 4662 1555 4728 M.
1624 4664 1679 4726 τί
1703 4668 1908 4769 χρῆμα
1949 4664 2226 4768 πάσχεις,
2268 4668 2352 4732 τίς
2396 4665 2447 4724 σ’
2494 4661 2817 4727 ἀπόλλυσιν
2859 4661 3051 4742 νόσοςς

1478 4743 1548 4810 Ο.
1618 4749 1657 4830 ἡ
1669 4750 1939 4850 σύνεσις,
1983 4747 2070 4810 ὅτι
2113 4745 2348 4810 σύνοιδα
2390 4746 2521 4809 δείν’
2566 4746 2956 4832 εἰργασμένος.

1470 4828 1551 4896 Μ.
1617 4835 1746 4898 πῶς
1787 4833 1931 4916 φήςς
1977 4828 2174 4937 σοφόν
2205 4852 2293 4893 τοι
2335 4829 2402 4892 τὸ
2446 4830 2648 4936 σαφές,
2692 4830 2760 4894 οὐ
2804 4831 2873 4894 τὸ
2917 4831 2999 4917 μὴ
3045 4830 3257 4918 σαφέςς

1477 4911 1550 4979 Ο.
1617 4917 1901 5000 μάλιστα·
1950 4915 2107 4996 λύπη
2146 4912 2262 4976 Ἰ’σθ
2307 4914 2348 4997 ἡ
2393 4913 2800 4998 ὃιαρθείρουσά
2841 4937 2936 4998 με.

370 4995 468 5062 Of.
512 4997 612 5062 El.
661 4993 819 5058 1177
845 5018 925 5060 88.
978 4994 1138 5059 1206
1163 5018 1242 5060 88
1330 4998 1554 5061 Miiller
1596 5001 1819 5063 Aesch.
1866 4999 2043 5061 Eum.
2087 5020 2148 5081 p.
2197 4951 2348 5062 133.
2430 4999 2787 5061 Westrikl.
2831 5000 2874 5063 l.
2918 5020 2977 5081 p.
3029 4997 3165 5066 184.

768 5080 919 5145 Eur.
961 5080 1060 5145 El.
1109 5080 1372 5147 119488.
1417 5082 1520 5146 Or.
1562 5081 1750 5147 4688.
1792 5079 2025 5146 41788.

646 5162 697 5202 ¹⁸
764 5165 914 5229 Eur.
959 5164 1062 5228 Or.
1106 5162 1334 5230 92088.

769 5249 862 5314 Cf.
905 5271 960 5332 p.
1017 5248 1110 5315 13.

647 5331 724 5413 ¹⁵)
768 5332 916 5397 Eur.
961 5333 1059 5397 El.
1108 5330 1342 5396 12458.
1387 5331 1569 5400 1302.
