4652 5800
2240 200 2318 263 19

359 417 551 479 exuta
593 416 781 488 esset,
827 427 954 489 qua
994 403 1150 468 nihil
1193 424 1322 468 non
1364 404 1429 468 in
1479 402 1737 468 dubium
1781 413 2141 484 vocaretur,
2188 424 2314 487 qua
2361 402 2636 487 denique
2680 402 2884 466 omnis
2913 400 3161 464 iustitia
3192 399 3444 465 sublata
3479 401 3806 467 videretur
3821 402 3892 480 1).
3963 399 4173 478 Quare

361 511 658 595 quoniam
704 525 1014 572 revocare
1056 503 1330 588 pristina
1375 513 1665 587 tempora
1705 523 1823 569 nec
1871 505 2129 571 volebat
2170 525 2290 569 nec
2334 509 2605 588 poterat,
2651 522 2912 586 operam
2957 501 3153 567 dabat
3192 502 3259 566 in
3291 502 3660 583 tragoediis,
3705 509 3775 566 ut
3816 503 4172 586 sapientiae

364 632 444 677 ac
485 607 826 695 probitatis
870 625 1088 670 amore
1131 604 1365 668 civium
1410 604 1653 668 animos
1698 605 2027 685 imbueret,
2073 606 2139 670 id
2184 606 2358 689 quod
2398 604 2658 670 efficere
2701 622 2827 667 non
2871 622 3063 687 posse
3106 604 3230 666 sibi
3261 602 3614 683 videbatur,
3663 604 3786 668 uisi
3833 603 3896 667 in
3941 604 4173 668 fabulis

364 732 440 777 ea
483 709 708 790 omnia,
753 727 919 790 quae
961 707 1406 790 impugnarent
1447 711 1712 768 naturae
1756 705 1862 768 vel
1905 705 2224 771 hominum
2268 707 2372 771 vel
2414 726 2643 785 rerum,
2691 724 2954 789 prorsus
3000 703 3499 784 commuta1·ot²).
3587 704 3729 781 Quo
3775 704 4014 768 factum
4057 716 4173 786 est,

364 820 432 874 ut
473 827 787 893 personas
831 826 1116 890 quoque,
1182 824 1342 888 quas
1394 814 1659 887 agentes
1713 803 1892 885 fecit,
1960 827 2086 870 non
2145 818 2272 871 tam
2324 807 2618 873 excelsas
2676 806 2947 888 fingeret
3000 805 3319 887 animique
3366 805 3602 869 virtute
3647 815 3760 869 aut
3806 806 4170 869 constantia

362 911 663 993 insigneS,
709 928 895 992 quam
938 906 1235 988 vulgares
1280 924 1317 969 e
1362 903 1502 969 foro
1548 911 1613 970 et
1656 908 1971 970 communi
1999 909 2136 972 vita
2165 908 2229 971 in
2260 926 2516 971 scenam
2548 907 2877 971 traductas
2892 905 2961 987 3),
3007 925 3206 989 quare
3252 905 3609 990 Sophocles
3654 904 3889 969 dicitur
3933 904 4174 969 dixisse

364 1012 570 1095 ipsum
611 1008 934 1073 hominum
978 1025 1185 1071 mores
1227 1004 1484 1087 fingere,
1532 1007 1751 1087 quales
1797 1006 2039 1088 fingere
2085 1015 2279 1090 poeta
2320 1007 2603 1087 deberet,
2650 1006 3038 1091 Euripidem,
3087 1006 3322 1089 quales
3368 996 3665 1085 essent4).

664 1111 763 1172 Ac
807 1109 1075 1191 primum
1114 1105 1369 1189 quidem
1414 1104 1756 1188 Euripides
1812 1110 2139 1192 copiosius
2186 1108 2347 1171 dicit
2386 1107 2466 1172 de
2511 1107 3009 1188 calamitatibus,
3082 1107 3312 1189 quibus
3367 1125 3524 1188 gens
3578 1105 4030 1190 Pelopidarum
4089 1087 4176 1170 sit

365 1209 623 1289 afflicta,
668 1209 908 1292 quippe
950 1227 1115 1290 quae
1158 1206 1405 1271 scelera
1449 1206 1813 1273 admisisset
1855 1209 2120 1293 deisque
2164 1209 2314 1274 odio
2355 1208 2665 1291 fuisset5).
2754 1208 3099 1272 Tantalum
3133 1207 3300 1271 inter
3345 1206 3566 1291 epulas
3597 1205 3794 1269 filium
3828 1214 4172 1270 mactatum

366 1310 505 1377 deis
548 1308 928 1394 apposuisse
972 1308 1222 1371 dubitat
1262 1305 1604 1390 Euripides
1648 1327 1730 1370 an
1771 1308 1932 1373 falso
1978 1310 2320 1375 memoriae
2360 1310 2446 1373 sit
2489 1308 2811 1393 proditum
2833 1306 2919 1390 6);
2990 1316 3057 1370 at
3101 1315 3354 1371 constat
3399 1307 3458 1370 ei
3504 1307 3627 1371 iam
3672 1306 4011 1389 Pelopem,
4066 1306 4174 1388 qui

367 1411 755 1477 Oenomaum
800 1418 867 1474 et
908 1408 1233 1492 Myrtilum
1276 1405 1707 1472 interfecisset
1722 1407 1803 1489 ⁷),
1870 1384 2281 1475 odium‘cum
2334 1409 2613 1475 omnium
2670 1408 2932 1472 deorum
2985 1415 3116 1472 tum
3174 1408 3454 1471 Hermae
3510 1407 3578 1469 in
3638 1426 3707 1471 se
3754 1407 4173 1472 convertisse.

368 1512 529 1575 Tum
571 1511 740 1574 inter
782 1508 1044 1591 Pelopis
1089 1507 1257 1571 filios
1303 1506 1727 1589 perniciosam
1770 1508 1946 1573 litem
1989 1530 2131 1575 esse
2174 1520 2381 1577 ortam
2425 1511 2506 1574 de
2549 1529 2743 1574 aureo
2789 1508 3019 1591 agnoss)
3074 1510 3155 1572 ab
3211 1509 3451 1573 Herma
3500 1508 3668 1572 iuter
3710 1507 3893 1570 Atrei
3938 1524 4171 1589 greges

368 1612 676 1677 immisso:
745 1629 873 1692 qua
912 1627 983 1673 re
1027 1619 1405 1672 commotum
1450 1606 1820 1690 Thyestem,
1889 1631 2013 1693 quo
2058 1610 2311 1674 facilius
2358 1630 2588 1691 agnum
2633 1628 2810 1672 suum
2855 1609 3124 1688 faceret,
3190 1613 3511 1693 Aeropam
3556 1609 3741 1672 Atrei
3785 1625 4048 1670 uxorem
4091 1604 4176 1668 ad

382 1720 669 1794 stuprum
716 1708 1102 1792 rapuisse9),
1145 1709 1408 1772 Atreum
1455 1707 1753 1788 Thyestis
1798 1708 1965 1775 filios
2008 1717 2322 1775 mactatos
2367 1710 2433 1773 in
2477 1729 2636 1774 cena
2680 1709 3105 1774 comedendos
3150 1710 3208 1773 ei
3255 1712 3632 1794 apposuisse
3649 1708 3745 1791 ¹⁰).
3832 1706 3992 1771 Inde
4034 1704 4175 1769 fieri

367 1830 497 1876 non
540 1810 865 1894 potuisse,
922 1810 1073 1891 quin
1117 1809 1180 1871 in
1222 1815 1415 1889 gente
1454 1806 1909 1892 Pelopidarum
1956 1810 2215 1875 caedem
2271 1810 2529 1891 caedes,
2594 1809 2923 1874 calamitas
2968 1810 3393 1877 calamitatem
3439 1808 3926 1893 sequeretur11).
4013 1810 4177 1889 Aga-

370 1910 689 1977 memnoni
747 1909 871 1993 ipsi
925 1907 1270 1993 Euripides
1323 1906 1491 1970 haud
1544 1926 1730 1972 secus
1782 1917 1976 1991 atque
2026 1909 2386 1992 Aeschylus
2441 1909 2690 1974 crimini
2750 1912 2891 1993 dat,
2960 1910 3130 1993 quod
3187 1931 3316 1975 non
3369 1910 3761 1974 dubitaverit
3812 1908 4008 1972 filiam
4062 1928 4179 1990 per

371 2008 655 2075 fraudem
689 2008 986 2071 Aulidem
1016 2009 1391 2072 arcessitam
1410 2006 1486 2087 ¹²)
1532 2008 1876 2073 crudeliter
1920 2018 2203 2075 mactare
2220 2010 2329 2093 ¹⁸);
2373 2032 2518 2075 nam
2550 2011 2800 2076 etiamsi
2830 2019 3084 2075 constat
3113 2011 3407 2094 Euripidi
3443 2010 3842 2093 Iphigeniam
3886 2011 3969 2073 ab
4000 2011 4180 2072 Arte·

368 2109 538 2174 mide
582 2122 928 2188 servatam,
976 2127 1102 2172 non
1149 2108 1232 2170 ab
1276 2111 1749 2191 Agamemnone
1792 2118 2135 2175 mactatam
2179 2131 2321 2176 esse
2337 2112 2414 2193 11)
2428 2160 2443 2191 ,
2489 2121 2698 2176 tamen
2741 2110 3004 2174 multum
3047 2113 3260 2190 abest,
3304 2124 3373 2175 ut
3417 2110 3594 2174 dicat
3636 2114 4174 2193 Agamemnonem

368 2208 561 2293 culpa
607 2227 865 2288 vacare,
933 2228 1075 2272 cum
1119 2226 1244 2273 nou
1297 2208 1484 2272 modo
1538 2210 1679 2293 ipse
1720 2209 1788 2273 id
1833 2211 2005 2295 quod
2057 2212 2267 2275 auimo
2321 2213 2793 2296 proposuisset,
2863 2218 2932 2274 ut
2985 2209 3180 2275 filium
3235 2218 3572 2291 mactaret,
3643 2210 3994 2294 perfecisse
4051 2208 4175 2273 sibi

368 2308 717 2388 videretur,
787 2308 902 2372 sed
954 2310 1147 2374 etiam
1203 2307 1440 2373 Graeci
1495 2328 1711 2373 omnes
1762 2329 1881 2392 pro
1927 2311 2261 2393 explorato
2306 2313 2617 2378 haberent
2667 2312 3066 2395 Iphigeniam
3112 2312 3345 2376 Aulide
3389 2313 3469 2375 ab
3514 2314 3990 2394 Agamemnone
4035 2329 4179 2375 esse

366 2407 769 2473 interfectam
786 2405 882 2490 ¹⁵).
969 2406 1195 2491 Neque
1224 2408 1383 2472 illud
1415 2410 1850 2492 praetermisit
1889 2411 2251 2496 EuripideS,
2298 2411 2471 2496 quod
2516 2412 2823 2496 scriptum
2867 2411 3156 2476 videmus
3200 2413 3372 2496 apud
3416 2412 3801 2495 Aeschylum
3845 2418 3911 2475 et
3941 2409 4180 2493 Sopho·

673 2657 723 2738 1)
768 2656 859 2721 Of.
915 2658 1205 2721 Welcker
1248 2680 1340 2739 gr.
1387 2660 1568 2741 Trag.
1613 2661 1647 2722 Ι
1690 2683 1748 2743 p.
1792 2661 1947 2725 459:
2020 2663 2177 2737 „Mit
2229 2665 2369 2724 dem
2419 2661 2701 2726 Glauben
2753 2682 2831 2725 an
2882 2664 2980 2725 die
3036 2664 3160 2724 alte
3209 2662 3650 2744 Volksreligiou
3713 2663 3976 2725 entwich
4021 2662 4175 2725 auch

367 2742 478 2802 der
513 2739 690 2803 Geist
731 2760 843 2802 aus
873 2742 1010 2860 ‘den
1051 2742 1311 2823 Mythen
1356 2745 1479 2804 und
1521 2745 1619 2806 die
1677 2747 1791 2848 frei
1845 2747 2255 2828 gewordenen
2309 2747 2850 2843 Hiillenflkonnten
2904 2766 3030 2808 nun
3081 2747 3192 2808 mit
3247 2767 3444 2844 neuen
3497 2749 3943 2850 Gestaltungen
4004 2748 4181 2808 iiber·

364 2845 560 2992 {agg}
600 2826 870 2974 3331ssss
915 2909 981 2971 Π
996 2824 1377 2992 SfbAggng.
1411 2827 1698 2976 Scssizlzeffil
1728 2832 2102 2996 §gr-(1323.
2131 2831 2337 2999 ffugi-st
2383 2853 2444 2895 u.
2498 2830 2641 2976 Lu&
2686 2830 2719 2891 I
2761 2853 2820 2915 p.
2863 2828 3011 2895 215.
3103 2831 3375 2894 Westrik
3418 2834 3459 2896 l.
3509 2834 3545 2894 l.
3592 2854 3649 2917 p.
3696 2830 3754 2896 6.
3807 2830 3901 2896 13.
3993 2831 4182 2892 Bern-

670 2992 722 3075 3)
769 2993 860 3056 Of.
909 2994 1259 3057 Minckwitz
1303 2996 1569 3058 Dramen
1614 2999 1669 3058 d.
1716 2998 1863 3064 Eur.
1912 3002 2081 3063 verd.
2128 2999 2357 3082 Stuttg.
2408 2997 2587 3074 1865,
2630 2998 2732 3060 IX
2773 3020 2832 3082 p.
2876 2996 2991 3065 223
3063 2998 3190 3074 „Er
3244 3000 3404 3080 stieg
3459 3021 3576 3062 von
3629 3001 3739 3061 der
3792 3000 3959 3061 alten
4003 2998 4182 3061 Riihe

368 3077 480 3138 des
522 3076 728 3138 Ideals
770 3078 981 3138 nieder
1023 3080 1146 3139 und
1192 3080 1404 3142 suehte
1449 3082 1566 3143 den
1612 3082 1819 3145 Boden
1851 3085 1961 3145 der
1998 3083 2441 3159 Wirklichkeit,
2487 3083 2586 3144 die
2631 3084 2841 3144 seinen
2869 3085 3097 3163 Augen
3128 3104 3244 3146 von
3276 3084 3725 3145 Kindesbeinen
3757 3102 3835 3145 an
3876 3085 4183 3163 begegnet

368 3162 554 3224 war.“
641 3182 699 3243 p.
746 3158 858 3226 233
929 3162 1084 3236 „Die
1127 3163 1344 3244 Mythe
1391 3184 1520 3226 war
1565 3166 1687 3227 ihm
1732 3169 1829 3228 ein
1882 3167 2155 3251 Spiegel‚
2232 3168 2420 3229 worin
2482 3187 2549 3227 er
2603 3167 2701 3227 die
2752 3167 3131 3247 Gegenwart
3181 3168 3439 3249 zeigte.“
3528 3168 3838 3229 Hermann
3883 3167 4028 3229 Eur.
4075 3165 4180 3230 Or.

366 3266 426 3342 P:
471 3243 591 3342 Vt·
631 3245 884 3341 „Populi
925 3265 1140 3307 sensus
1176 3248 1260 3309 ita
1303 3257 1441 3309 erat
1496 3250 1842 3326 hebetatus,
1912 3259 1977 3313 ut
2032 3272 2141 3334 pro
2233 3252 2445 3313 ristina
2495 3251 2882 3332 simplicitate
2938 3261 3000 3311 et
3055 3252 3358 3331 gravitate
3414 3252 3796 3314 artificiosam
3853 3252 4183 3313 communis

367 3339 531 3389 vitae
573 3337 969 3438 imitationem
1014 3338 1394 3411 expeteret.“
1481 3332 1843 3416 Bernhardy
1886 3335 2152 3432 Grundr.
2234 3335 2315 3434 Ih
2358 3357 2416 3418 p.
2465 3333 2604 3403 169.
2661 3333 2851 3430 1928.
3885 3420 3898 3431 ·

671 3410 724 3494 ³)
771 3413 863 3476 ef.
918 3413 1202 3475 Welcker
1246 3436 1337 3496 gr.
1384 3416 1565 3497 Trag.
1609 3416 1642 3478 Ι
1689 3440 1747 3500 p.
1789 3416 1945 3482 4593
2021 3420 2176 3496 ,,1)18
2220 3420 2528 3481 starksten
2572 3420 3079 3497 Abweichungen
3123 3439 3241 3481 von
3285 3421 3398 3483 der
3441 3420 3606 3480 alten
3651 3417 4180 3498 Ueberheferung,

367 3515 483 3558 von
529 3493 726 3557 Sitteu
772 3497 894 3558 und
944 3497 1210 3579 Bildung
1252 3500 1361 3560 der
1403 3499 1675 3577 Heroen,
1744 3502 1844 3563 die
1890 3504 2135 3565 freieste
2181 3503 2624 3582 Fortdichtung
2693 3537 2778 3548 --
2848 3503 2981 3563 sind
3025 3503 3162 3563 eine
3203 3504 3541 3565 natiirliche
3583 3502 3775 3585 Folge
3820 3504 3933 3565 des
3974 3501 4184 3583 einge-

364 3599 721 3642 nommenen
767 3578 1203 3663 StandpunktS.
1312 3582 1636 3665 Euripides
1692 3588 1825 3667 gibt
1879 3588 1977 3648 die
2032 3587 2254 3649 Hoheit
2310 3589 2419 3649 des
2464 3586 2810 3667 tragischen
2854 3588 3215 3650 Ausdrucks
3258 3608 3393 3649 zum
3436 3608 3687 3667 grossen
3733 3587 3863 3648 Teil
3907 3587 4018 3649 auf
4058 3586 4184 3647 und

365 3664 526 3724 zieht
567 3664 665 3724 die
708 3663 952 3725 Heroen
999 3666 1461 3728 entschiedener
1504 3668 1566 3728 in
1613 3670 1710 3730 die
1761 3670 2184 3733 Wirklichkeit
2235 3671 2347 3732 der
2388 3672 2520 3732 Zeit
2566 3671 2687 3731 und
2744 3670 2907 3731 ihrer
2959 3671 3229 3751 Bildung
3275 3672 3539 3734 hincin.“
3646 3671 4185 3734 Grote-Meissner

364 3746 407 3894 ll.
452 3748 497 3895 111
539 3743 573 3806 Ι
614 3745 911 3893 111130ῗᾷ7
965 3747 1182 3811 Nauck
1247 3749 1393 3815 Eur.
1451 3750 1632 3832 Trag.
1690 3752 1723 3813 I
1763 3776 1821 3835 p.
1881 3754 2203 3819 XXXIX.
2291 3755 2654 3836 Bernhardy
2716 3752 2978 3816 Grundr.
3030 3754 3142 3817 IIb
3184 3777 3244 3838 p.
3287 3754 3414 3817 429
3438 3776 3518 3818 88.
3560 3753 3793 3820 45088.
3909 3755 4181 3818 Westrik

396 3878 415 3895 ⁶
541 3851 599 3912 p·
646 3853 1163 4016 ·⁴)·Arist.ssl'oet.
1207 3936 1257 3980 c.
1301 3913 1413 3982 253
1457 3914 1812 4003 ,Σοφοκλῆς
1854 3917 1973 4006 ἔφη
2016 3920 2194 3989 αὐτὸς
2237 3920 2342 4004 μὲν
2386 3918 2539 3989 οἴους
2582 3920 2676 4016 Be?
2712 3924 2908 4002 ποιεῖν,
2952 3915 3264 4005 Εὐριπίδην
3293 3921 3361 3983 δὲ
3404 3920 3511 3985 οἷοι
3554 3920 3724 3987 εἰσί.“
3814 3921 3909 3986 Cf.
3956 3921 4184 3986 Ueber-

371 4015 513 4077 weg
552 3997 739 4062 Arist.
786 4000 886 4062 ub.
928 3999 986 4062 d.
1032 3999 1272 4062 Dichtk.
1322 3999 1484 4063 1869
1528 4024 1586 4084 p.
1632 4001 1717 4065 43
1760 4012 1825 4064 et
1864 4027 1922 4087 p.
1974 4004 2084 4068 913
2161 4006 2328 4080 „Der
2372 4004 2826 4066 wesenthchste
2869 4005 3272 4069 Unterschied
3316 4007 3616 4067 zwischen
3661 4007 3798 4067 dem
3844 4005 4184 4067 Kunststile

372 4080 482 4176 des
524 4075 860 4177 Sophokles
897 4084 1019 4143 und
1063 4084 1172 4144 des
1218 4084 1540 4166 Euripides
1582 4088 1662 4148 ist
1705 4089 1915 4149 hiemit
1950 4088 2065 4151 auf
2100 4091 2209 4151 das
2255 4088 2607 4151 treffendste
2651 4089 3031 4154 bezeichnet:
3103 4088 3424 4172 Euripides
3466 4091 3745 4152 zeichnet
3787 4090 4184 4164 Charaktere‚

371 4163 470 4224 die
513 4164 623 4224 der
664 4184 985 4244 gemeinen
1039 4167 1460 4231 Wirklichkeit
1506 4171 1692 4231 niiher
1736 4173 2004 4246 bleiben,
2075 4173 2407 4254 Sophokles
2456 4173 2684 4246 solche,
2754 4173 2851 4233 die
2910 4173 3036 4234 sich
3093 4174 3283 4246 durch
3339 4174 3631 4235 Reinheit
3684 4175 3807 4235 und
3857 4175 4020 4238 Adel
4077 4174 4186 4234 der

371 4245 736 4345 Oesinnung
792 4250 1253 4346 entschiedener
1311 4254 1460 4314 iiber
1513 4257 1622 4351 das
1674 4257 2097 4335 gewiihnliche
2152 4259 2447 4332 erheben3
2512 4257 2619 4317 mit
2671 4257 2904 4317 andern
2961 4257 3242 4319 Worten:
3320 4258 3653 4340 Sophokles
3721 4258 3952 4319 dichtet
4014 4259 4186 4318 mehr

372 4331 759 4406 ideahstisch‚
808 4332 1126 4416 Euripides
1168 4338 1346 4397 mehr
1388 4337 1790 4401 realistisch.“
1877 4340 1970 4405 Cf.
2018 4340 2331 4403 Hermann
2376 4341 2522 4404 Eur.
2571 4340 2723 4403 Hec.
2768 4360 2832 4423 p.
2875 4339 3020 4402 XV.

673 4414 725 4497 ⁵)
770 4416 917 4481 Eur.
961 4416 1062 4479 Or.
1109 4418 1204 4482 ed.
1249 4418 1564 4482 Hermann
1607 4443 1665 4485 v.
1717 4421 1794 4485 12
1817 4445 1865 4487 8.
1913 4422 2093 4507 (,,θεὰ
2137 4423 2472 4488 ἐπέκλωσεν
2518 4421 2734 4507 ἔριν“);
2779 4444 2837 4489 v,
2873 4420 2992 4485 797
3041 4423 3361 4506 (,,παλαιᾶς
3399 4423 3516 4486 ἀπὸ
3553 4426 3855 4509 συμφορᾶς
3887 4421 4186 4508 δόμων“);

370 4517 431 4561 v.
475 4495 600 4561 985
643 4496 930 4646 (ἓδόὲοιιοι
962 4504 1090 4649 iculi?
1122 4501 1335 4647 ᾶῶιοίσιν
1365 4502 1520 4650 3*λὲ
1568 4504 1683 4590 ἀρὰ
1727 4505 2172 4591 πολύστονος“).
2262 4508 2397 4591 Iph.
2442 4507 2620 4571 Taur.
2668 4508 2763 4571 ed.
2813 4508 3125 4569 Hermann
3164 4528 3223 4572 v.
3271 4505 3624 4574 190-196.

831 4605 867 4645 u
903 4635 918 4651 .
997 4607 1036 4667 p
1081 4632 1094 4646 .
1189 4606 1315 4648 aur.
1514 4611 1563 4652 s.

677 4583 729 4746 ⁷3
772 4667 919 4731 Eur.
965 4668 1067 4734 Or.
1112 4668 1239 4732 812
1261 4692 1341 4734 88.
1374 4670 1495 4734 977
1524 4693 1603 4736 88.
1654 4670 1838 4736 1553.

675 4749 703 4790 ⁸
772 4750 919 4815 Eur.
964 4751 1210 4815 Electra
1251 4755 1348 4818 ed.
1390 4755 1607 4818 Nauck
1653 4778 1710 4822 v,
1756 4755 1880 4820 724
1901 4778 2010 4834 88.;
2053 4756 2156 4821 Or.
2206 4756 2284 4820 12
2305 4778 2383 4819 ss.
2433 4755 2557 4821 798
2584 4778 2633 4821 8.
2677 4755 2802 4820 986
2826 4779 2946 4834 88.;
2992 4757 3126 4840 Iph.
3173 4757 3350 4820 Taur.
3400 4755 3518 4820 191
3544 4778 3623 4823 ss.
3670 4754 3793 4819 801
3818 4778 3898 4822 ss.

678 4832 704 4871 ⁹
772 4834 918 4899 Eur.
964 4835 1062 4900 El.
1108 4835 1332 4899 72088.
1421 4838 1524 4902 Or.
1569 4838 1695 4903 999
1716 4861 1764 4902 8.

651 4914 703 4955 ¹⁰
773 4918 920 4983 Eur.
964 4918 1069 4983 Or.
1112 4920 1341 4987 80088.
1385 4920 1532 4986 998.

647 5000 698 5039 ¹¹
769 5001 917 5067 Eur.
962 5002 1065 5067 Or.
1108 5001 1337 5069 80288.
1382 5004 1524 5071 997.
1611 5005 1745 5090 Iph.
1792 5007 1971 5073 Taur.
2025 5005 2245 5073 19088.

648 5084 701 5123 ¹²
769 5086 918 5152 Eur.
961 5086 1095 5169 Iph.
1144 5088 1323 5154 Taur.
1367 5087 1453 5152 24
1473 5111 1522 5154 8.
1563 5089 1791 5155 20488.
1836 5088 1961 5153 357
1985 5113 2035 5157 8.
2080 5090 2226 5154 842.

647 5167 699 5207 ¹³
772 5170 918 5236 Eur.
962 5170 1094 5255 Iph.
1139 5170 1320 5239 Taur.
1363 5171 1447 5235 26
1471 5195 1520 5236 8.
1566 5173 1795 5240 35288.
1840 5172 2070 5239 84388.

650 5252 700 5290 ¹⁴
771 5254 918 5319 Eur.
962 5254 1097 5339 Iph.
1142 5255 1322 5323 Taur.
1365 5254 1450 5320 28
1471 5279 1520 5320 8.
1570 5255 1688 5319 771
1715 5280 1794 5323 88.

646 5333 723 5419 ¹⁵)
769 5337 916 5405 Eur.
958 5337 1093 5423 Iph.
1138 5340 1315 5402 Taur.
1366 5339 1589 5407 17288.
1636 5341 1732 5408 El.
1784 5339 2044 5405 102088.
2132 5341 2225 5406 Cf.
2273 5342 2547 5405 Schoene
2589 5342 2734 5408 Eur.
2778 5341 2911 5426 Iph.
2959 5342 3139 5406 Taur.
3185 5363 3243 5424 p.
3288 5338 3392 5404 25.
3437 5338 3545 5404 41.
