4652 5800
3752 0 3978 111 2⁸⁸³«.qu
4099 30 4110 43 -

2180 266 2259 331 13
3901 256 3904 259 ’

301 475 523 541 matris
565 473 754 538 minis
797 472 1007 552 ipsam
1052 488 1305 553 quoque
1352 468 1570 550 gladio
1614 465 2025 549 interfecit1).
2110 468 2214 533 Ita
2256 467 2521 534 Orestes
2570 466 2931 551 perfecerat
2974 474 3040 533 ct
3080 467 3250 552 quod
3294 468 3437 552 ipse
3482 468 3711 532 iustum
3755 487 3898 534 esse
3939 476 4118 555 puta·

4183 252 4282 274 &x

301 579 416 643 bat
459 587 525 642 et
567 572 737 657 quod
780 570 1001 636 facere
1043 571 1125 635 ab
1166 569 1469 653 Apolline
1513 570 1724 633 iussus
1768 575 1936 635 erat:
1985 575 2051 634 et
2093 576 2347 634 constat
2389 567 2712 651 Aeschylo
2758 569 3136 651 Aegisthum
3165 578 3233 634 et
3266 568 3836 651 Clytaemnestram
3865 570 4118 636 debitas
4181 584 4184 589 ·

303 684 369 745 et
410 676 670 742 meritas
712 691 956 755 poenas
999 670 1411 756 persolvisse,
1454 670 1694 754 quippe
1735 669 1844 753 qui
1887 676 1954 735 et
1989 671 2535 753 Agamemnonem
2578 669 3085 733 trucidavissent
3125 676 3191 733 et
3229 670 3297 732 in
3342 670 3518 734 cives
3563 669 4003 736 crudelissime
4045 689 4118 735 se

305 771 740 862 gessissent2).
831 770 1073 836 Tamen
1118 769 1523 834 nihilominus
1577 789 1705 834 non
1756 779 1956 853 negat
2005 779 2199 854 poeta
2252 768 2678 833 matricidium
2719 788 2863 835 esse
2906 769 3176 833 immane
3219 765 3788 854 detestandumque
3831 771 4043 836 scelus
4063 768 4112 853 ³)

304 897 422 942 nec
465 875 608 941 fieri
650 892 873 960 posse,
937 873 1088 955 quin
1133 869 1304 954 quod
1348 877 1573 936 contra
1619 878 1886 936 matrem
1931 871 2361 955 expromserit
2403 868 2667 947 Orestes
2710 870 2810 934 ius
2850 869 3140 949 talionis,
3200 869 3266 933 id
3311 870 3398 947 ad
3436 872 3641 955 ipsum
3684 872 3997 937 redundet
4038 891 4116 936 ac

302 994 514 1061 poena
565 974 783 1038 laesae
836 972 1101 1057 pietatis
1152 973 1234 1034 ab
1287 990 1365 1034 eo
1410 970 1874 1054 reposcatur4).
1982 971 2085 1034 Ita
2141 969 2496 1036 Stesichori
2553 970 2999 1034 auctoritatem
3055 980 3309 1034 secutus
3363 971 3723 1052 Aeschylus
3775 973 4118 1038 memoriae

302 1075 571 1142 tradidit
613 1073 907 1138 Orestem
950 1070 1183 1154 agitari
1228 1089 1269 1133 a
1309 1068 1554 1150 Furiis,
1610 1090 1775 1153 quae
1817 1077 2067 1135 terrore
2110 1091 2188 1134 ac
2231 1076 2403 1135 metu
2454 1088 2595 1134 eum
2639 1067 2928 1135 afficiant
2969 1090 3176 1153 neque
3219 1071 3504 1154 quietem
3548 1091 3687 1135 eum
3733 1092 3968 1156 capere
4013 1093 4119 1156 pa-
4201 1058 4207 1063 ’

302 1177 546 1241 tiantur
587 1182 699 1238 aut
738 1170 1008 1254 Delphis
1054 1184 1167 1234 aut
1210 1170 1479 1235 Athenis
1520 1177 1586 1235 in
1630 1170 1870 1254 templo
1912 1168 2287 1253 Athenae5).
2377 1170 2507 1236 Sed
2564 1177 2814 1234 tantum
2868 1172 3052 1236 abest
3094 1178 3164 1235 ut
3203 1170 3562 1253 Aeschylus
3607 1171 3786 1237 dicat
3827 1171 4120 1237 Orestem

307 1297 449 1342 cum
476 1278 780 1359 impetum
807 1270 1144 1336 Furiarum
1174 1272 1463 1352 senserit,
1505 1291 1650 1336 sero
1687 1276 1754 1335 et
1794 1271 2004 1336 inutili
2034 1271 2234 1335 luctui
2278 1270 2626 1335 indulsisse
2670 1280 2737 1335 et
2778 1270 2934 1335 facti
2980 1290 3118 1334 eum
3163 1272 3572 1352 poenituisse,
3622 1278 3694 1335 ut
3737 1292 3877 1337 eum
3921 1271 4122 1336 faciat
4171 1256 4178 1265 ⁶

307 1382 719 1454 constantem,
766 1373 993 1437 fortem
1040 1380 1469 1454 aeternaeque
1512 1371 1919 1436 necessitatis
1963 1370 2217 1453 legibus
2261 1371 2614 1450 cedentem,
2661 1371 2891 1455 quibus
2937 1391 3062 1435 non
3108 1371 3361 1454 possint
3403 1370 3686 1435 homines
3731 1374 4030 1439 resistere
4044 1372 4117 1453 ὃ).

305 1475 484 1554 Quae
527 1480 738 1538 autem
783 1493 979 1538 causa
1022 1472 1245 1553 suerit,
1312 1471 1484 1555 quod
1525 1471 1884 1555 Aeschylus
1928 1471 2123 1537 talem
2165 1472 2398 1537 fecerit
2442 1472 2757 1552 Orestem,
2821 1490 2940 1535 nos
2984 1471 3284 1553 ignorare
3327 1471 3534 1536 noluit
3571 1480 3794 1557 poeta:
3869 1473 4148 1563 etiamsi„

309 1578 475 1642 enim
517 1574 808 1641 Orestem
855 1571 1086 1655 culpae
1129 1574 1467 1637 universae
1508 1592 1685 1636 reum
1727 1570 1976 1653 facit⁷)‚
2045 1584 2254 1638 tamen
2306 1593 2432 1637 non
2488 1571 2650 1636 adeo
2696 1570 3075 1636 sceleratum
3119 1568 3320 1637 fuisse
3364 1572 3548 1653 dicit,
3612 1579 3684 1637 ut
3727 1593 3869 1638 eum
3913 1593 4123 1658 poena

310 1695 452 1743 esse
497 1675 757 1759 dignum
801 1672 996 1737 ducat
1037 1672 1441 1756 gravissima,
1483 1671 1757 1756 primum
1800 1671 1975 1757 quia,
2024 1692 2163 1736 cum
2209 1673 2416 1755 patris
2460 1671 2814 1736 ulciscendi
2859 1671 3192 1735 consilium
3236 1674 3513 1757 ceperit,
3556 1693 3682 1737 non
3725 1673 3865 1753 ipse
3908 1671 4122 1738 decre·

310 1777 504 1857 verit,
557 1772 675 1839 sed
720 1772 1082 1858 Apollinem
1125 1772 1520 1837 consuluerit
1558 1772 1790 1836 iustum
1836 1774 1923 1837 sit
1964 1792 2167 1838 necne
2210 1781 2456 1857 patrem
2499 1771 2726 1837 ulcisci
2741 1770 2820 1854 ⁸);
2888 1772 3122 1837 deinde
3177 1772 3329 1855 quia
3373 1780 3622 1836 constet
3664 1772 3954 1838 Orestem
3996 1793 4123 1837 non

303 1877 559 1942 insania
597 1873 712 1937 illa
758 1873 927 1936 trahi
969 1892 1088 1955 per
1130 1872 1381 1955 genium
1416 1872 1687 1938 ultorem
1703 1870 1781 1955 9),
1849 1895 1976 1958 qua
2019 1874 2528 1959 Clytaemnestra
2570 1872 2873 1937 incitetur
2888 1870 2991 1957 ¹⁰):
3060 1890 3225 1955 quae
3263 1890 3369 1937 res
3412 1873 3562 1937 inde
3606 1880 3905 1957 apparet,
3949 1872 4121 1956 quod

307 1976 561 2043 Orestis
604 1973 876 2053 animus,
932 1992 1075 2035 cum
1116 1972 1183 2034 in
1229 1991 1306 2037 eo
1352 1980 1466 2052 est,
1507 1979 1582 2036 ut
1624 1962 1956 2056 perpetret
1999 1975 2288 2055 caedem,
2344 1971 2608 2037 vacillat
2648 1973 2887 2037 veritus
2928 1974 3149 2036 matris
3193 1973 3565 2055 sanguinem
3608 1972 3890 2037 fundere.
3980 1970 4122 2049 Qua

306 2075 389 2140 de
430 2091 626 2137 causa
669 2071 1027 2156 Aeschylus
1071 2070 1329 2154 dignum
1372 2077 1556 2154 putat
1601 2072 1917 2153 Orestem,
1987 2075 2095 2158 qui
2146 2073 2458 2137 liberetur
2509 2092 2635 2155 qua
2693 2072 2930 2137 Furiae
2976 2094 3120 2135 eum
3181 2072 3531 2137 affecerant
3573 2094 3799 2158 poena.
3887 2071 4121 2158 Apollo

311 2174 510 2258 igitur
551 2173 881 2255 persuasit
908 2171 1142 2251 Oresti,
1189 2179 1261 2235 ut
1299 2172 1588 2236 Athenas
1632 2172 1885 2253 fugeret
1928 2181 1994 2237 et
2036 2174 2361 2256 antiquum
2390 2173 2681 2238 Athenae
2725 2173 2975 2255 signum
3006 2172 3529 2256 amplecteretur:
3577 2174 3748 2258 quod
3776 2174 3832 2238 si
3862 2172 4125 2239 fecisset

305 2274 445 2339 forc
489 2279 561 2337 ut
601 2291 722 2356 per
761 2272 969 2355 ipsum
1015 2278 1080 2335 et
1121 2288 1407 2337 sororem
1450 2273 1836 2339 liberaretur
1879 2276 2154 2340 miseriis
2199 2281 2265 2337 et
2304 2272 2776 2337 calamitatibus
2789 2320 2805 2351 ‚
2873 2274 2940 2337 in
2992 2293 3150 2357 quas
3203 2272 3655 2356 incidissetss).
3746 2272 3932 2351 Quod
3984 2292 4126 2337 cum

305 2373 661 2439 audivisset
703 2369 967 2435 Orestes
1012 2369 1176 2436 duce
1216 2370 1460 2436 Herma
1503 2374 1807 2458 templum
1847 2375 2140 2443 Athenae
2185 2374 2512 2455 ingressus
2556 2374 2842 2458 rogavit,
2887 2381 2957 2438 ut
3011 2395 3050 2437 a
3102 2373 3224 2439 dea
3266 2375 3540 2456 benigne
3584 2374 3992 2457 exciperetur
4011 2373 4124 2458 12);

309 2473 560 2538 Athene
604 2478 846 2551 autem,
892 2490 1056 2553 quae
1101 2471 1385 2536 civitatis
1430 2479 1704 2555 patrona
1746 2482 1814 2538 et
1857 2476 2081 2538 summi
2123 2475 2282 2539 iuris
2329 2474 2563 2539 vindex
2608 2480 2807 2553 esset,
2867 2494 3009 2538 cum
3053 2474 3198 2558 ipsa
3241 2495 3358 2557 per
3403 2494 3472 2539 se
3514 2475 3615 2538 ius
3661 2474 3877 2538 dicere
3920 2493 4125 2558 neque

311 2573 509 2639 vellet
548 2591 758 2655 neque
805 2584 1025 2652 posset
1041 2568 1135 2651 1⁴¹³),
1182 2571 1518 2638 duodecim
1561 2575 1628 2637 in
1673 2575 2007 2639 consilium
2051 2575 2312 2640 vocavit
2356 2574 2530 2638 cives
2564 2575 2854 2658 optimos,
2894 2574 3003 2658 qui
3051 2563 3228 2639 recte
3273 2582 3339 2639 et
3381 2574 3607 2639 ordine
3653 2574 4020 2640 iudicarent
4059 2575 4126 2639 in

306 2678 656 2756 Areopago
674 2670 769 2754 1⁴¹³).
857 2669 996 2748 Quo
1042 2670 1106 2734 in
1153 2673 1422 2738 consilio
1469 2695 1609 2739 cum
1642 2674 1880 2740 Furiae
1922 2682 2234 2758 negarent
2274 2694 2347 2739 se
2392 2673 2684 2738 Orestem
2727 2675 2970 2758 quippe
3014 2673 3416 2738 matricidam
3460 2683 3526 2739 et
3568 2674 4128 2740 sceleratissimum

310 2774 628 2838 hominem
673 2791 709 2835 e
753 2772 1042 2835 manibus
1088 2790 1231 2837 esse
1275 2774 1617 2839 emissuras
1633 2774 1728 2858 ¹⁵),
1773 2776 2013 2860 Apollo
2058 2778 2201 2860 ipse
2230 2794 2485 2840 causam
2516 2772 2767 2839 Orestis
2799 2775 2964 2841 dixit
2986 2776 3087 2840 his
3117 2775 3253 2841 fere
3287 2776 3528 2840 verbis:
3577 2774 4129 2859 Clytaemnestrae

315 2873 569 2957 culpam
615 2870 814 2937 fuisse
856 2872 1237 2956 graviorem,
1283 2876 1434 2958 quia
1475 2895 1599 2940 non
1644 2876 1833 2942 modo
1865 2878 2199 2959 coniugem
2229 2874 2676 2958 interfecisset,
2722 2876 2836 2942 sed
2869 2876 3135 2943 eundem
3171 2876 3582 2942 fortissimum
3613 2884 3679 2942 et
3708 2876 4128 2941 clarissimum

310 2976 538 3039 ducem
578 2979 729 3054 tum,
775 2992 916 3037 cum
959 2972 1129 3038 laeto
1172 2974 1383 3040 animo
1429 2976 1494 3039 in
1536 2970 1813 3060 patriam
1858 2977 2116 3059 rediret,
2139 2975 2601 3040 trucidavisset
2629 2997 2746 3059 per
2777 2976 2988 3042 dolum
3018 2989 3212 3061 atque
3241 2977 3540 3058 insidias;
3587 2975 3840 3041 Orestis
3876 2976 4129 3061 culpam

312 3094 459 3141 esse
522 3073 855 3155 leviorem,
923 3074 1073 3157 quia
1126 3094 1267 3138 cum
1321 3085 1588 3141 matrem
1635 3076 2029 3143 interficeret
2087 3083 2365 3160 patrem,
2432 3096 2616 3159 quem
2672 3076 2875 3160 pluris
2929 3078 3256 3142 aestimari
3309 3085 3663 3161 oporteret,
3730 3076 3898 3141 ultus
3960 3083 4133 3142 esset

311 3174 614 3260 Apolline
660 3192 738 3236 ac
783 3172 941 3238 Iove
980 3176 1348 3239 auctoribus
1364 3175 1461 3259 16).
1549 3174 1794 3253 Quibus
1836 3178 2029 3241 rebus
2075 3176 2382 3259 cognitis,
2427 3196 2567 3241 cum
2614 3176 2949 3241 duodecim
2994 3177 3246 3241 illorum
3287 3177 3567 3241 iudicum
3609 3177 3876 3242 totidem
3919 3196 4130 3242 cense-

311 3289 459 3342 rent
500 3273 791 3340 Orestem
833 3272 1233 3338 liberandum
1277 3296 1437 3356 esse,
1483 3286 1640 3360 quot
1682 3283 2022 3342 censerent
2062 3276 2605 3341 condemnandum
2651 3295 2829 3357 esse,
2869 3278 3120 3342 Athene
3164 3297 3341 3342 suam
3386 3279 3589 3361 ipsius
3631 3277 3935 3342 tabellam
3974 3277 4132 3343 Iove

312 3378 570 3441 iubente
608 3373 853 3439 adiecit
893 3372 1145 3437 illorum
1188 3376 1463 3457 tabelliS,
1508 3377 1618 3459 qui
1662 3378 1926 3443 liberari
1969 3399 2109 3445 eum
2151 3378 2486 3443 volebant:
2536 3397 2662 3460 qua
2705 3398 2777 3442 re
2822 3377 3227 3460 significavit,
3273 3385 3480 3442 utrum
3523 3379 3921 3458 iudiciorum,
3966 3398 4132 3463 quae

315 3561 463 3623 tiefe
508 3559 721 3621 Weiss
764 3557 892 3631 ein,
958 3557 1160 3618 indem
1219 3577 1288 3618 er
1344 3559 1462 3620 den
1504 3567 1673 3624 sonst
1714 3562 2127 3626 fortwiihrend
2171 3568 2472 3622 stummen
2516 3551 2789 3642 Pylades
2835 3563 2962 3623 blos
3005 3561 3067 3623 in
3113 3562 3251 3622 dem
3291 3561 3749 3641 Augenblicke,
3814 3582 3909 3625 wo
3951 3560 4133 3624 Orest

316 3665 435 3707 von
478 3643 598 3703 den
642 3639 1114 3703 schmerzlichen
1161 3641 1365 3704 Bitten
1411 3643 1520 3705 der
1563 3646 1793 3708 Mutter
1837 3647 1959 3708 fast
2001 3646 2293 3707 erweicht
2342 3645 2493 3706 wird
2539 3647 2662 3706 und
2705 3647 2824 3706 den
2868 3647 3040 3707 Mord
3084 3667 3157 3708 zu
3203 3645 3540 3707 vollziehen
3582 3647 3848 3719 zaudcrt,
3894 3666 4133 3707 ermun-

318 3727 539 3790 ternde
586 3726 799 3786 Worte
842 3742 1034 3804 sagen
1071 3726 1238 3789 liisst.
1348 3725 1635 3791 Offenbar
1678 3732 1832 3792 wird
1874 3731 2145 3811 Pylades
2201 3730 2334 3791 hier
2387 3729 2556 3790 nicht
2597 3749 2699 3790 um
2742 3731 2851 3790 des
2893 3729 3126 3791 Ruhms
3169 3730 3370 3791 seiner
3414 3729 3862 3791 Freundschaft
3903 3730 4132 3804 willan,

318 3813 578 3875 sondern
631 3810 724 3870 als
767 3809 1023 3870 Mahner
1065 3828 1142 3869 an
1187 3811 1403 3892 Apollo
1449 3813 1831 3893 eingesuhrt3
1904 3833 2015 3876 aus
2057 3813 2411 3875 demselben
2440 3811 2692 3874 Grunde
2735 3818 2934 3876 inuste
2979 3834 3046 3874 er
3087 3814 3149 3875 in
3198 3814 3317 3875 den
3346 3812 3746 3889 Eumeniden,
3792 3834 3885 3876 wo
3913 3814 4132 3896 Apollo

321 3896 514 3958 selbst
554 3894 646 3955 als
690 3892 946 3953 Mahner
989 3893 1097 3954 des
1140 3891 1321 3954 Orest
1364 3895 1617 3978 auftritt,
1666 3897 1897 3958 wieder
1941 3897 2469 3959 verschwinden.“

626 3975 674 4056 ¹)
717 3976 942 4040 Aesch.
987 3975 1163 4037 Eum.
1207 3975 1348 4039 582.
1441 3980 1533 4043 cf.
1577 3980 1849 4043 Klausen
1893 3982 2122 4046 Aesch.
2169 3980 2431 4062 Choeph.
2475 4001 2535 4062 p.
2579 3977 2766 4041 XIX.

624 4057 676 4179 ἶ)
720 4060 949 4207 iffi·
989 4060 1258 4205 5333?-
1300 4060 2214 4212 {³334⁶⁸·13{³{⁸·13÷³3⁵·t⁰t2
2238 4063 2571 4210 ⁸125E¹3¹5¹4
2597 4061 2814 4211 3035>-
2879 4144 3005 4209 595

621 4140 679 4303 4))
722 4191 947 4290 Aesch..
996 4165 1190 4288 Eum?
1226 4192 1371 4325 i75.
1407 4196 1532 4294 258
1554 4253 1603 4294 8.
1647 4197 1773 4295 266
1798 4254 1846 4299 8.
1889 4197 2033 4296 593.
2090 4171 2215 4295 110ίὶ
2263 4196 2497 4294 Teuffel
2545 4232 2583 4292 l.
2630 4197 2668 4297 l.
2717 4252 2773 4312 p.
2820 4195 2933 4292 '242
2978 4195 3107 4306 „⁰Er
3150 4231 3256 4292 hat
3298 4231 3397 4309 ein
3437 4229 3831 4292 unantastbar
3876 4228 4134 4309 heiliges

319 4312 735 4393 Naturgesetz
779 4311 1096 4371 verletzt“.
1140 4344 1223 4357 —
1275 4312 1575 4377 Wissowa
1616 4316 1655 4375 l.
1703 4316 1742 4381 1.
1789 4339 1846 4400 p.
1897 4315 1993 4380 16.
2080 4316 2507 4396 Naegelsbach
2557 4315 2596 4378 l.
2640 4315 2685 4378 1.
2727 4335 2783 4395 p.
2829 4311 2934 4380 23.
3022 4313 3396 4377 Schoemann
3439 4315 3662 4379 Aesch.
3709 4313 3887 4379 Eum.
3932 4335 3989 4395 p.
4031 4310 4133 4376 23.

623 4393 650 4432 ⁶
720 4395 946 4457 Aesch.
994 4393 1257 4477 Choeph.
1308 4395 1470 4461 1020
1492 4419 1539 4460 8.
1590 4397 1857 4466 105188.
1944 4400 2120 4463 Eum.
2165 4400 2247 4461 41
2273 4420 2353 4462 ss.
2441 4395 2569 4462 296
2603 4419 2650 4459 8.
2697 4395 2838 4459 318.

622 4474 649 4514 ⁶
716 4479 939 4542 Aesch.
994 4478 1174 4542 Eum.
1227 4476 1372 4544 586.
1430 4478 1650 4547 60088.
1740 4483 1832 4546 cf.
1877 4484 2149 4546 Klausen
2220 4484 2440 4548 Aesch.
2504 4481 2769 4565 Choeph.
2817 4503 2875 4563 p.
2919 4480 3069 4542 XX.
3158 4480 3390 4543 Teuffel
3434 4481 3475 4546 1.
3519 4482 3560 4542 1.
3604 4502 3661 4564 p.
3718 4478 3820 4542 31.
3908 4480 4134 4542 Miiller

318 4561 547 4626 Aesch.
593 4560 770 4624 Eum.
812 4582 869 4643 p.
921 4559 1041 4624 132
1062 4584 1111 4626 s.
1205 4565 1477 4625 Westrik
1523 4567 1560 4626 1.
1606 4566 1645 4630 l.
1691 4588 1748 4648 p.
1798 4566 1938 4630 154.

626 4642 676 4721 ⁷)
721 4646 943 4708 Aesch.
990 4645 1168 4712 Eum.
1212 4645 1567 4713 447—457.

623 4725 676 4809 ⁸)
720 4729 942 4792 Aesch.
989 4730 1250 4812 Choeph.
1295 4729 1422 4795 266
1444 4754 1523 4798 88.
1567 4731 1692 4796 888
1715 4755 1764 4798 s.
1851 4733 2030 4797 Eum.
2075 4732 2195 4795 199
2218 4755 2297 4796 88.
2343 4730 2464 4795 457
2491 4753 2571 4796 88.
2613 4730 2741 4794 569
2764 4753 2810 4794 8.
2856 4731 3003 4796 584.
3050 4729 3174 4794 606
3206 4752 3253 4793 8.

596 4809 676 4934 ιΞ)
724 4812 947 4876 Aesch.
994 4812 1170 4875 Eum.
1214 4814 1359 4877 418.
1408 4816 1497 4880 Cf.
1545 4818 1788 4880 Dronke
1831 4819 1871 4882 l.
1919 4818 1959 4883 l.
2007 4839 2064 4898 p.
2107 4814 2211 4884 53.

595 4899 677 5101 ἓξ
718 4896 944 5044 ἓξὲξ.
988 4897 1397 5047 ,ἓέἱῃ12ἷ2728ιέ
1442 4899 1603 4967 1337
1628 4923 1676 4963 s.
1727 4899 1891 4963 1440
1912 4922 1992 4966 ss.

593 5144 646 5184 ιε
707 5065 941 5212 ἒὲἒέἓῖ
979 5064 1166 5212 ἓξὲξ
1199 5064 1638 5214 {gaji-’3⁸2

597 5229 675 5309 ¹⁴¹)
717 5233 939 5296 Aesch.
986 5232 1166 5296 Eum.
1210 5231 1339 5294 474
1365 5255 1444 5294 ss.

598 5310 677 5394 ¹⁵)
719 5316 943 5379 Aesch.
989 5316 1166 5378 Eum.
1214 5314 1569 5380 575—598.

598 5397 677 5480 ¹⁶)
718 5401 940 5463 Aesch.
990 5400 1168 5463 Eum.
1212 5399 1567 5467 615-658.
1656 5399 1747 5465 Cf.
1790 5400 2167 5464 Schoemaun
2210 5402 2434 5466 Aesch.
2478 5400 2655 5462 Eum.
2704 5421 2761 5481 p.
2808 5396 2892 5461 22
2932 5420 2979 5462 8.

4295 278 4336 291 ’Κ
4345 294 4348 295 .
