4652 5800
441 514 688 598 pariter
743 513 913 578 iusta
977 532 1120 579 esse
1175 513 1690 578 existimarentur
1746 515 1828 579 ab
1870 515 2268 594 hominibus,
2340 534 2378 578 a
2423 514 2564 578 deis
2615 516 3022 601 probaretur,
3090 518 3198 598 qui
3265 518 3510 583 maiore
3571 518 3929 583 hominibus
3981 520 4258 603 praediti

444 626 660 680 essent
703 612 1106 697 sapientia¹).
1184 610 1293 677 Sic
1327 613 1588 678 Orestes
1631 633 1840 699 poena
1881 614 2192 678 liberatus
2219 615 2431 696 Argos
2476 615 2645 679 redit
2689 633 3080 697 regnumque
3124 627 3454 700 paternum
3499 618 3866 702 occupat²);
3912 628 3980 683 at
4009 620 4268 700 Furias,

443 733 601 794 quas
644 731 846 811 iisque
898 712 978 776 ad
1020 712 1092 775 id
1136 720 1386 795 tempus
1433 713 1651 795 opinio
1706 712 1903 778 ferret
1946 733 2244 778 summam
2298 720 2489 796 atque
2543 714 2856 777 infinitam
2902 716 3141 780 habere
3184 724 3568 799 potestatem
3611 738 3720 782 eos
3764 720 4079 800 homines,
4147 723 4258 804 qui

443 813 655 877 scelus
702 811 1132 894 admisissent,
1199 814 1389 877 etiam
1453 813 1656 876 invito
1709 812 1866 878 Iove
1920 815 2206 897 agitandi
2265 823 2332 879 et
2386 814 2858 896 exstinguendi,
2927 815 3147 880 docuit
3201 817 3559 900 Aeschylus
3613 820 3730 882 sub
3778 818 4020 884 ditione
4063 834 4255 903 atque

441 914 708 997 imperio
750 931 891 976 esse
945 913 1121 976 Iovis
1173 912 1628 997 sapientissimi
1674 919 1739 977 et
1779 914 2280 997 prudentissimi,
2348 917 2457 998 qui
2500 917 2581 978 iis
2628 916 2976 997 imperaret
3020 937 3146 980 non
3191 917 3377 980 modo
3423 925 3494 981 ut
3535 918 3821 982 homines
3865 941 4074 1003 poena
4120 921 4254 984 affi-

445 1023 680 1094 cerent,
727 1013 842 1077 sed
887 1013 1078 1076 etiam
1124 1020 1193 1075 ut
1237 1031 1347 1076 eos
1369 1012 1745 1076 adiuvarent
1787 1026 2212 1098 regerentque
2257 1016 2617 1098 disciplina,
2664 1018 2903 1099 quippe
2949 1036 3113 1098 quae
3143 1018 3425 1081 neniam
3454 1020 3690 1084 Furiae
3722 1020 3837 1083 sed
3869 1020 4254 1087 Eumenides

441 1114 664 1177 vocari
716 1114 1021 1177 deberent
1072 1132 1279 1195 neque
1323 1112 1666 1194 quidquam
1720 1114 2039 1196 antiquius
2093 1117 2430 1196 habereut,
2499 1137 2687 1198 quam
2742 1126 2812 1179 ut
2862 1116 3163 1180 virtutem
3217 1138 3296 1180 ac
3357 1117 3623 1183 salutem
3677 1121 3994 1183 hominum
4049 1122 4254 1204 magis

443 1214 771 1295 magisque
816 1210 1209 1293 augerent3).
1300 1210 1482 1287 Quod
1526 1219 1735 1276 autem
1781 1214 1961 1280 finxit
2003 1224 2198 1303 poeta
2241 1217 2303 1279 in
2348 1219 2693 1300 Areopago
2740 1215 2986 1280 Orestis
3033 1235 3290 1280 causam
3335 1218 3443 1299 agi
3487 1226 3553 1282 et
3598 1239 3799 1304 prope
3839 1223 4260 1303 Areopagum

442 1313 825 1377 Eumenides
870 1331 1012 1377 esse
1059 1332 1299 1375 summa
1341 1311 1654 1394 religione
1700 1314 2018 1397 colendaS,
2063 1338 2186 1381 non
2229 1317 2862 1401 praetermittendum
2891 1329 3007 1395 est,
3053 1336 3211 1398 quas
3241 1330 3305 1380 et
3335 1317 3557 1400 quales
3589 1320 3872 1384 homines
3907 1321 4255 1403 populares

444 1434 520 1479 eo
566 1415 708 1496 ipso
755 1424 1055 1497 tempore,
1101 1434 1224 1495 quo
1248 1413 1602 1493 Aeschylus
1628 1414 1947 1479 Orestiam
1992 1417 2265 1481 traditur
2312 1416 2627 1496 docuisse,
2671 1417 2810 1480 vias
2855 1418 3266 1498 rationesque
3312 1418 3440 1479 sint
3483 1419 3774 1499 ingressi,
3820 1433 3892 1483 ut
3934 1422 4254 1486 sanctissi-

445 1534 639 1594 mam,
707 1534 873 1595 quae
929 1513 1164 1578 Solone
1219 1524 1481 1578 auctore
1537 1512 1619 1576 ad
1671 1514 1968 1578 tuendam
2018 1524 2301 1581 veterem
2358 1516 2733 1598 religionem
2787 1536 3152 1599 morumque
3205 1515 3529 1580 licentiam
3574 1519 4021 1584 refrenandam
4064 1532 4254 1586 aucta

445 1614 698 1695 fuisset,
751 1615 1080 1699 Areopagi
1137 1614 1587 1676 auctoritatem
1639 1613 2079 1682 imminuerent
2121 1625 2187 1681 et
2226 1614 2707 1680 labefactarent.
2797 1617 3061 1700 Iamque
3104 1618 3170 1679 in
3213 1617 3694 1682 Atheniensium
3739 1621 4030 1701 civitate,
4089 1641 4253 1704 quae

445 1714 659 1778 multis
702 1735 779 1778 ac
825 1714 1277 1779 diversissimis
1320 1712 1508 1777 bellis
1552 1733 1842 1794 magnam
1888 1721 1952 1777 et
1997 1716 2324 1799 copiarum
2370 1723 2435 1780 et
2475 1717 2730 1779 navium
2774 1725 2840 1781 et
2882 1716 3194 1800 pecuniae
3251 1717 3562 1781 iacturam
3605 1719 3883 1802 fecisset,
3928 1722 4256 1804 ingruerat

444 1815 745 1878 mentium
789 1817 973 1896 quasi
1017 1815 1410 1899 perversitas
1457 1812 1767 1895 quaedam
1811 1815 2315 1899 iudiciorumque
2347 1817 2745 1899 depravatiO,
2791 1837 2918 1899 qua
2960 1815 3172 1897 fiebat,
3218 1828 3290 1880 ut
3317 1837 3396 1880 ne
3426 1818 3475 1880 ii
3505 1818 3776 1899 quidem,
3824 1822 3932 1902 qui
3960 1841 4252 1903 magnam

448 1915 781 1979 scientiam
835 1921 1252 1995 ostentarent,
1319 1914 1475 1997 quid
1530 1926 1702 1978 esset
1752 1918 2084 1979 honestum
2128 1919 2424 2000 probum,
2490 1924 2668 1981 recte
2709 1916 3180 1998 intellegerent:
3257 1936 3333 1981 eo
3380 1919 3521 1998 ipso
3565 1927 3852 2002 tempore
3895 1921 4252 2004 Aeschylus

445 2016 723 2079 instituit
771 2015 945 2080 cives
992 2034 1140 2078 suos
1188 2014 1534 2095 adhortari,
1581 2022 1651 2077 ut
1691 2015 1977 2079 redirent
2021 2016 2104 2079 ad
2149 2018 2464 2081 saniorem
2509 2026 2778 2081 mentem
2823 2027 2888 2082 et
2915 2021 3326 2100 Areopagum
3371 2017 3434 2080 in
3480 2018 3788 2100 integrum
3822 2020 4252 2101 restituerent,

448 2135 571 2199 quo
616 2113 854 2178 firmius
895 2124 1090 2197 atque
1137 2118 1373 2180 certius
1418 2116 1620 2179 omnis
1664 2117 1847 2198 pacis
1891 2116 2174 2199 iurisque
2217 2116 2689 2181 fundamentum
2733 2137 2858 2180 non
2902 2126 3121 2202 posset
3163 2115 3522 2198 invenir14).

2266 2351 2424 2434 IV.

745 2515 945 2596 Haec,
991 2534 1155 2597 quae
1202 2515 1371 2598 apud
1416 2516 1799 2600 Aeschylum
1838 2516 2123 2581 feruntur
2168 2516 2248 2581 de
2289 2518 2489 2582 caede
2532 2519 3026 2600 Agamemnonis
3056 2528 3120 2583 et
3149 2516 3432 2580 vindicta
3464 2515 3728 2597 OrestiS,
3771 2537 3916 2580 num
3949 2518 4250 2581 miremur

448 2614 833 2700 Sophoclem
851 2614 902 2700 5)
950 2616 1226 2680 clariora
1269 2635 1345 2680 ae
1393 2617 1694 2699 graviora
1740 2618 2237 2699 existimavisse,
2290 2638 2480 2700 quam
2522 2626 2593 2682 ut
2636 2618 2960 2683 dubitaret
3000 2616 3305 2701 Aeschyli
3352 2617 3794 2679 auctoritatem
3840 2618 4048 2700 sequi,
4109 2638 4250 2682 cum

452 2772 700 2780 u————--—.-
732 2774 757 2778 .-
1096 2768 1241 2775 -—.—-.

749 2832 797 2918 1)
842 2835 1064 2899 Α66011.
1091 2833 1265 2894 Ε11111.
1299 2831 1420 2896 726
1448 2855 1526 2898 ss,
1570 2831 1691 2896 786
1716 2856 1793 2898 66.
1843 2871 1924 2880 -
1967 2832 2041 2899 G.
2068 2834 2486 2896 Hermannum
2518 2855 2632 2895 non
2666 2847 2831 2896 recte
2862 2833 3088 2896 sentire
3113 2854 3247 2895 eum
3280 2831 3527 2894 Luci-ani
3574 2831 3755 2915 (Piso.
3781 2828 3884 2894 21.
3932 2832 4137 2894 Harm.
4173 2834 4241 2918 3)

445 2919 864 2981 auctoritatem
908 2929 1152 2980 secutus
1197 2920 1359 2981 dieat
1402 2921 1683 2981 maiorem
1728 2921 1986 2981 iudicum
2031 2925 2265 3001 partem
2310 2921 2636 2994 censuisse,
2683 2933 2748 2980 ut
2792 2920 3041 2981 Orestes
3084 2920 3603 2992 condemnaretur,
3660 2936 3956 2998 paresque
4001 2923 4241 2978 senten-

446 3005 562 3064 tias
606 3024 742 3064 esse
787 3024 902 3063 non
950 3006 1238 3085 potuisse,
1312 3004 1425 3064 nisi
1468 3005 1712 3066 Athene
1765 3023 1936 3065 suam
1985 3005 2174 3086 ipsius
2229 3005 2514 3065 tabellam
2574 3006 2893 3065 adiecisset
2947 3004 3185 3063 tabellis
3240 3022 3472 3071 eorum,
3542 3004 3645 3082 qui
3690 3001 4063 3062 liberandum
4110 3020 4244 3061 esse

448 3098 771 3150 censerent
821 3087 1129 3160 Orestem,
1196 3121 1278 3132 —-
1352 3091 1691 3149 necessarie
1744 3090 2028 3148 videntur
2079 3088 2223 3148 mihi
2276 3090 2785 3150 demonstravisse
2842 3087 3065 3148 muller
3107 3088 3326 3151 Aesch.
3374 3086 3549 3148 Eum.
3596 3107 3653 3168 p.
3706 3084 3861 3161 1613
3934 3085 4244 3164 Nachtrag

451 3193 508 3254 Ρ.
551 3170 803 3335 40662)
827 3168 1199 3319 ’ἶὼοῗιειὲῃ
1240 3173 1461 3319 Aega&
1508 3171 1684 3237 Eum.
1729 3194 1788 3254 p.
1833 3170 2104 3234 83—94.

907 3277 1008 3317 esc
1057 3308 1063 3314 .
1172 3276 1289 3316 um.
1480 3277 1559 3319 ss.

546 3420 668 3485 467
734 3336 938 3484 {187012
983 3340 1247 3401 Grieben
1291 3342 1330 3402 l.
1377 3341 1414 3401 1.
1461 3362 1518 3421 p.
1569 3335 1833 3403 19—21.
1919 3338 2341 3419 Naegelsbach
2388 3341 2427 3403 l.
2476 3341 2515 3401 l.
2560 3361 2615 3421 p.
2662 3338 2760 3400 24.
2843 3338 3084 3400 Dronke
3130 3337 3168 3400 l.
3218 3339 3256 3400 1.
3300 3358 3354 3419 p.
3402 3335 3502 3398 55.
3578 3335 3824 3396 Nitzseh
3870 3335 4011 3415 Sag.
4044 3334 4101 3394 d.
4135 3332 4238 3395 Gr.

444 3443 483 3505 P
744 3504 799 3588 4)
846 3507 932 3568 Cf,
984 3506 1246 3568 Grieben
1296 3506 1333 3571 l.
1374 3509 1411 3570 l.
1456 3529 1512 3588 p.
1560 3503 1830 3572 23-25.
1916 3507 2198 3588 Droysen
2239 3509 2462 3571 Aesch.
2509 3507 2690 3586 Trag.
2731 3503 2791 3568 3.
2832 3506 2994 3569 Aufl.
3082 3506 3244 3568 Berl.
3298 3501 3458 3566 1868
3501 3525 3557 3584 p.
3604 3500 3956 3564 beet-»565

749 3588 799 3670 ⁵)
848 3592 1136 3672 Sophocle
1180 3590 1347 3672 prius
1390 3592 1738 3672 Euripidem
1786 3592 2050 3653 fabulam
2094 3593 2403 3654 Electram
2448 3592 2721 3654 docuisse
2763 3587 3010 3671 Gruppe
3067 3589 3364 3672 (Ariadne
3400 3610 3457 3669 p.
3498 3583 3860 3665 453—461)
3906 3593 3971 3644 et
4014 3582 4246 3643 Teuffel

457 3674 523 3749 (l.
572 3672 609 3732 l.
656 3693 711 3752 p.
758 3671 868 3754 27)
926 3677 1280 3735 confirmant
1338 3676 1569 3736 duobus
1623 3676 1714 3735 his
1767 3676 2166 3754 argumentis:
2240 3678 2497 3758 primum
2551 3675 2695 3735 nihil
2752 3675 2954 3734 inesse
3007 3675 3066 3734 in
3123 3674 3328 3734 fabula
3380 3671 3708 3750 Euripidis,
3777 3689 3892 3747 quo
3948 3668 4248 3727 efficiatur

454 3755 805 3838 Euripidem
853 3761 1157 3840 Sophoclis
1202 3759 1464 3819 fabulam
1512 3760 1760 3839 leg-isse3
1805 3759 2021 3821 deinde
2066 3780 2221 3834 eum,
2269 3761 2366 3822 cui
2409 3778 2758 3840 persuasum
2807 3759 2886 3818 sit
2928 3757 3278 3838 Euripidem
3309 3755 3600 3836 Sophocle
3645 3753 4034 3834 posteriorem
4079 3752 4248 3810 fabu-

448 3841 570 3900 lam
611 3842 918 3904 Electram
959 3844 1259 3918 docuisse,
1320 3858 1517 3904 lacere
1558 3864 1673 3904 non
1719 3866 1922 3925 posse,
1982 3845 2123 3925 quin
2168 3844 2472 3925 Euripidis
2514 3850 2707 3903 artem
2749 3853 2812 3902 et
2856 3843 3168 3903 seientiam
3213 3844 3545 3921 vituperet,
3605 3839 3706 3918 qui
3750 3837 4015 3896 fabulam
4058 3834 4248 3894 multo

451 3927 809 3985 deteriorem
854 3927 1125 3988 docuerit
1168 3948 1344 4008 quam
1392 3926 1731 4008 Sophocles.
1821 3930 1923 3989 Sic
1967 3930 2110 3990 dicit
2151 3929 2397 4009 Gruppe
2441 3929 2482 3990 l.
2527 3929 2565 3988 l.
2619 3948 2674 4008 p.
2719 3926 2871 3992 461,-
2917 3927 3043 4001 „Es
3086 3931 3249 3986 ware
3277 3922 3727 4003 unbegreiflieh,
3776 3921 3891 3979 wie
3926 3917 4252 3997 Euripides

448 4011 604 4069 nach
661 4009 890 4070 diesem
947 4010 1007 4070 in
1054 4011 1235 4093 jeder
1280 4011 1613 4072 Riicksicht
1667 4013 1899 4072 runden
1950 4014 2071 4072 und
2127 4015 2474 4091 machtigen
2529 4010 2904 4072 Kunstwerk
2959 4013 3095 4070 eine
3148 4009 3362 4069 Arbeit
3415 4007 3698 4086 gemacht
3749 4004 3944 4063 haben
3997 4002 4245 4075 konnte,

451 4094 547 4152 die
593 4093 652 4152 in
683 4094 895 4174 jedem
942 4097 1261 4156 einzelnen
1296 4097 1533 4156 l'unkte
1577 4097 1711 4156 eine
1759 4096 2351 4176 Verschlechterung
2393 4096 2516 4156 und
2547 4097 2642 4157 ich
2675 4113 2822 4174 sage
2857 4095 2994 4154 eine
3027 4095 3298 4154 bewuste
3336 4091 3923 4166 Versehleehterung
3958 4104 4243 4165 gewesen

448 4177 579 4236 sein
624 4185 840 4251 mnste,
889 4179 1048 4239 denn
1094 4177 1413 4260 Euripides
1458 4182 1625 4240 hatte
1669 4181 1854 4242 soviel
1886 4180 2081 4243 Urteil
2113 4181 2401 4241 wahrlieh
2447 4180 2621 4240 auch.
2723 4180 2906 4238 Ware
2952 4178 3081 4237 dies
3110 4179 3217 4237 der
3248 4175 3401 4248 Fall,
3447 4175 3606 4234 dann
3653 4173 3881 4233 konnte
3912 4168 4246 4250 Sophokles

445 4261 569 4321 ihm
613 4263 957 4341 unmoglich
1003 4265 1100 4324 die
1159 4263 1325 4323 Ehre
1379 4264 1701 4335 erweisen‚
1771 4266 1868 4325 die
1925 4285 1992 4325 er
2042 4266 2164 4325 ihm
2214 4264 2489 4324 wirklich
2545 4263 2696 4323 nach
2757 4262 2987 4322 seinem
3042 4261 3204 4321 Tode
3257 4261 3529 4320 erwieS.“
3639 4255 3723 4316 Et
3772 4253 4005 4315 Teuffel
4067 4254 4246 4313 hasce

454 4363 668 4406 causas
690 4347 865 4407 affert
889 4343 1130 4428 (p.27):
1165 4351 1319 4407 Dass
1349 4347 1668 4428 Euripides
1701 4349 1793 4409 bei
1824 4349 2024 4409 seiner
2052 4349 2471 4426 Bearbeitung
2501 4367 2614 4408 nur
2646 4347 2742 4406 die
2769 4347 2878 4406 des
2908 4346 3266 4426 AeschyIOS,
3300 4343 3466 4403 nicht
3499 4343 3642 4402 aber
3665 4341 3761 4400 die
3784 4341 3892 4398 des
3917 4336 4249 4418 Sophokles

448 4429 632 4490 sehon
676 4451 783 4491 vor
825 4433 948 4492 sich
995 4433 1187 4502 hatte,
1252 4433 1330 4491 ist
1382 4453 1455 4491 zu
1514 4435 1749 4511 10186111
1805 4434 1941 4493 teils
1989 4452 2098 4493 aus
2154 4434 2263 4493 der
2318 4452 2572 4513 grossen
2627 4430 2956 4491 Schwache
3001 4430 3109 4491 der
3152 4427 3456 4506 seiuigen,
3528 4428 3816 4502 vermo'ge
3861 4423 3968 4481 der
4013 4423 4124 4480 wir
4168 4439 4245 4480 an

448 4514 678 4573 seinem
722 4514 953 4577 Urteile
999 4517 1119 4575 und
1168 4515 1508 4576 Verstande
1548 4517 1670 4576 irre
1719 4519 1961 4577 werden
2007 4523 2277 4587 miisten,
2339 4535 2516 4576 wenn
2561 4537 2627 4575 61·
2672 4516 2837 4575 661116
2882 4513 3136 4574 Elektra
3180 4511 3336 4573 nach
3378 4512 3486 4569 der
3530 4509 3651 4568 viel
3692 4507 4248 4567 vollkommeneren

449 4596 955 4678 Sophokleisehen
1013 4602 1149 4660 dem
1196 4600 1514 4661 Publikum
1559 4602 1959 4661 vorzut'iihren
2005 4611 2255 4680 gewagt
2297 4601 2484 4673 hatte,
2530 4600 2666 4661 teils
2710 4601 2946 4670 darauS,
2993 4600 3134 4657 dass
3178 4598 3275 4656 die
3322 4593 3573 4654 Elektra
3605 4593 3713 4652 des
3741 4590 4062 4671 Euripides
4091 4606 4248 4682 ganz

446 4683 916 4743 unverkennbar
970 4685 1392 4744 kritisierende
1451 4684 1921 4765 Bemerkungen
1977 4706 2177 4765 gegen
2230 4685 2328 4744 die
2381 4683 2770 4765 Choephoren
2827 4683 3087 4754 euthalt,
3152 4697 3449 4758 wogegen
3509 4676 3934 4769 Beziehungen
3977 4676 4102 4770 ‘aul‘
4149 4673 4245 4731 die

446 4763 704 4825 Elektra
746 4768 854 4827 des
899 4770 1228 4848 Sophokles
1283 4769 1406 4829 sich
1451 4769 1619 4829 nicht
1661 4770 1971 4829 erkennen
2019 4770 2277 4832 lassen“.
2321 4803 2402 4812 —-
2442 4771 2527 4827 At
2569 4769 2822 4849 primum
2859 4767 3136 4846 equidem
3182 4784 3296 4824 non
3331 4762 3623 4823 assentior
3665 4760 3755 4832 iis,
3801 4779 3901 4838 qul
3932 4759 4135 4818 dicant
4162 4788 4247 4800 -—

447 4868 566 4909 non
589 4851 760 4911 modo
783 4851 1048 4933 Gruppe,
1085 4851 1333 4926 Teuffel,
1368 4853 1474 4912 sed
1499 4856 1678 4912 etiam
1706 4857 1780 4915 A.
1823 4856 1915 4915 W.
1944 4854 2224 4932 Schlegel
2256 4852 2380 4930 (iib.
2427 4854 2679 4912 dramat.
2727 4849 2927 4909 Kunst
2954 4870 3008 4910 u.
3037 4848 3174 4908 Litt.
3206 4845 3366 4909 1817
3399 4846 3430 4904 l
3453 4866 3508 4927 p.
3556 4842 3680 4904 243
3707 4845 3817 4922 66.)
3895 4839 4246 4920 Bernhardy

454 4931 743 5016 (Grundr.
788 4937 844 4999 d.
891 4938 1118 5015 griech.
1168 4937 1308 5000 Litt.
1356 4935 1413 5000 3.
1462 4937 1680 4998 Bearb.
1731 4935 1891 4998 1872
1935 4936 2081 5011 IIb,
2135 4958 2191 5017 p.
2235 4934 2362 4998 489
2384 4936 2494 5018 ss.)
2568 4969 2650 4980 ——
2723 4933 3028 5015 Euripidis
3079 4932 3389 4993 Electram
3440 4931 3678 4990 omnino
3728 4943 3976 5008 pravam
4046 4942 4245 5003 neque

446 5018 573 5078 ulla
620 5020 796 5079 laude
841 5021 1083 5099 dignam
1131 5040 1282 5081 esse.
1374 5020 1529 5081 Nam
1574 5021 1920 5103 Euripidem
1966 5029 2203 5082 constat
2247 5041 2365 5081 non
2407 5021 2620 5080 eodem
2664 5018 3032 5099 spectavisse
3074 5017 3134 5076 in
3183 5015 3402 5077 fabulis
3446 5011 3754 5084 docendiS,
3813 5029 3928 5089 quo
3972 5008 4254 5088 Aeschy—

447 5103 544 5162 lus
587 5115 650 5163 et
694 5105 1016 5185 Sophocles
1060 5115 1515 5186 spectaverunt,
1581 5106 1640 5164 id
1693 5106 1848 5186 quod
1903 5105 2239 5166 accuratius
2297 5104 2459 5165 infra
2510 5103 3081 5166 demonstrabimus:
3157 5110 3225 5161 ut
3264 5110 3468 5159 autem
3513 5095 3834 5176 Euripides
3877 5091 4084 5153 fabula
4126 5111 4245 5187 non

447 5187 684 5247 omnino
726 5191 999 5268 perfecta
1041 5190 1137 5263 sit,
1186 5200 1384 5249 tamen
1432 5189 1493 5248 in
1538 5191 1651 5250 hac
1694 5209 1928 5270 quoque
1972 5189 2284 5270 tragoedia
2328 5197 2688 5248 consecutus
2732 5195 2827 5247 est
2855 5197 3048 5267 poeta,
3091 5183 3153 5247 id
3186 5184 3343 5263 quod
3374 5183 3571 5243 animo
3600 5183 4005 5260 proposuerat.
4082 5175 4245 5271 szd

448 5270 649 5329 enim?
722 5270 939 5332 Nonne
982 5273 1101 5333 iam
1146 5274 1504 5334 Plutarchus
1549 5273 1719 5355 (Lys.
1767 5272 1919 5356 XV)
1966 5273 2210 5333 tradidit
2262 5271 2565 5352 Euripidis
2620 5271 2923 5331 Electram
2977 5269 3180 5348 magni
3234 5286 3368 5328 esse
3417 5264 3828 5336 aestimatam,
3898 5281 4033 5322 cum
4074 5261 4250 5357 ‘dicat

446 5354 815 5415 Phocensem
880 5359 1205 5435 quendam,
1277 5357 1378 5438 qui
1432 5358 1588 5418 bello
1642 5356 2153 5438 Peloponnesiaco
2195 5358 2468 5418 confecto
2517 5355 2776 5418 Athenis
2841 5353 3174 5426 canticum,
3249 5350 3404 5432 quod
3461 5349 3770 5409 invenitur
3825 5347 3888 5406 in
3919 5343 4248 5442 ‘Euri-mdis

446 5436 713 5512 Electra,
760 5440 1090 5515 recitasset,
1137 5442 1365 5501 animos
1409 5442 1689 5513 omnium,
1735 5441 1836 5521 qui
1879 5441 2174 5516 audirent,
2219 5439 2613 5501 vehementer
2654 5436 3087 5500 commovisse?
3127 5436 3317 5496 Recte
3361 5434 3548 5514 igitur
3592 5431 3809 5493 secisse
3855 5429 4000 5489 mlhl
4037 5429 4245 5488 wden-

4600 4207 4619 4620 ..ψ-,-
4551 3621 4619 4184 MEAE-EA?-
