4652 5800
2319 252 2398 316 16

444 456 1013 542 Clytaemnestram
1060 474 1213 521 vero
1258 474 1387 519 non
1431 453 1618 521 modo
1666 453 1957 536 coniugis
2005 462 2202 540 caput
2244 463 2546 538 tanquam
2591 453 2769 538 ligna
2810 455 3024 521 securi
3056 457 3388 541 cecidisse,
3435 460 3549 525 sed
3579 460 3772 526 etiam
3816 481 4052 548 corpus
4095 483 4252 528 mor-

442 564 617 623 tuum
661 556 798 621 eius
842 556 1243 621 truncavisse
1289 553 1644 638 Sophocles
1691 553 1852 619 dicit
1891 555 2211 638 Aeschylo
2256 563 2524 620 auctore
2544 554 2614 638 l).

748 655 998 721 Deinde
1038 676 1165 719 non
1210 655 1464 719 dubium
1511 662 1611 721 est
1663 654 1997 739 Sophocli,
2068 657 2219 739 quin
2276 655 2782 738 Clytaemnestra
2835 676 2959 720 non
3016 657 3156 721 sola
3208 659 3560 742 cupiditate
3612 659 3784 727 filiae
3837 662 4249 730 ulciscendae

443 760 529 824 sit
569 757 855 828 incitata,
902 765 971 821 ut
1012 758 1547 839 Agamemnonem
1595 754 1919 820 caederet:
1968 757 2022 820 si
2068 757 2232 822 enim
2278 756 2425 840 ipsa
2454 755 2961 840 Clytaemnestra
2995 756 3229 821 iniuria
3258 758 3372 822 illa
3399 763 3804 826 atrocissima
3845 764 4254 831 vehementer

444 880 515 926 se
559 866 925 925 excusatam
970 854 1189 939 vu1t2),
1234 862 1444 921 tamen
1488 861 1682 938 poeta
1726 854 2076 921 adulteram
2121 857 2326 938 magis
2373 863 2438 921 et
2479 855 2884 923 libidinosam
2931 876 3071 921 eam
3113 858 3311 941 finxit,
3357 880 3546 944 quam
3589 860 3761 926 filiae
3801 863 4046 929 nefarie
4090 885 4254 929 mac·

442 968 621 1026 tatae
661 959 999 1024 vindicem.
1065 961 1167 1023 An
1211 956 1545 1040 quisquam
1590 954 1997 1037 dubitaverit,
2044 957 2193 1040 quin
2242 965 2436 1038 poeta
2478 958 2759 1022 obscena
2800 957 3085 1039 libidine,
3130 961 3255 1024 non
3286 961 3455 1026 iusta
3494 962 3828 1027 iracundia
3872 972 4253 1030 commotam

443 1080 586 1125 esse
630 1057 1214 1143 Clytaemnestram,
1258 1064 1328 1121 ut
1369 1056 1705 1140 coniugem
1748 1056 2157 1140 interficeret,
2203 1077 2280 1124 eo
2312 1055 2483 1122 effici
2513 1057 2805 1139 voluerit,
2852 1057 3024 1140 quod
3054 1058 3345 1126 adultero
3390 1061 3720 1147 eidemque
3766 1064 4032 1129 sceleris
4066 1066 4246 1133 socio

444 1159 737 1243 nupserit
779 1167 846 1224 et
886 1159 1126 1224 liberos
1156 1159 1398 1243 gignat,
1445 1178 1587 1221 cum
1613 1157 1933 1240 legitimos
1963 1157 2729 1240 Agamemnonis'liberos
2760 1157 2956 1223 eiciat
2995 1157 3218 1244 eisquc
3248 1161 3565 1228 dominam
3595 1165 3801 1247 magis
3841 1184 3912 1229 se
3941 1167 4252 1250 praebeat

444 1281 633 1344 quam
685 1256 1058 1340 matrem3)?
1129 1258 1232 1323 lta
1283 1258 1638 1342 Sophocles
1693 1277 1819 1322 non
1873 1259 2077 1322 minus
2133 1279 2319 1343 quam
2384 1258 2742 1341 Aeschylus
2807 1257 3046 1341 effecit,
3110 1274 3181 1325 ut
3232 1261 3742 1345 Clytaemnestra
3792 1266 3975 1349 gravi
4032 1285 4244 1348 poena

444 1360 821 1445 dignissima
871 1357 1196 1423 videatur:
1271 1377 1415 1421 nam
1478 1364 1723 1422 tantum
1785 1359 1999 1432 abest,
2065 1366 2137 1425 ut
2179 1379 2321 1423 eam
2378 1360 2706 1443 poeniteat
2758 1358 3099 1440 scelerum,
3157 1367 3227 1424 ut
3269 1362 3772 1429 anniversarium
3819 1365 4042 1431 caedis
4087 1367 4251 1449 Aga-

443 1461 791 1526 memnonis
836 1459 1002 1523 diem
1046 1457 1229 1522 festis
1272 1457 1526 1523 choreis
1572 1457 1946 1542 celebret4),
1990 1464 2061 1522 ut
2103 1457 2448 1539 Electram,
2497 1459 2666 1543 quod
2708 1466 2958 1544 patrem
3002 1479 3200 1542 saepe
3245 1459 3505 1542 defleat,
3550 1483 3676 1528 non
3721 1464 3925 1529 solum
3967 1466 4253 1548 graviter

443 1558 823 1646 increpet5),
869 1560 984 1625 sed
1029 1559 1218 1624 etiam
1265 1558 1444 1623 cibos
1490 1561 1548 1624 ei
1594 1566 1660 1624 et
1702 1578 1869 1642 quae
1911 1557 1992 1623 ad
2039 1560 2335 1642 corporis
2379 1560 2616 1624 cultum
2663 1563 2997 1644 pertinent,
3045 1560 3421 1642 detrahat⁶)‚
3469 1563 3619 1643 quin
3661 1563 3726 1627 in
3758 1585 4018 1648 specum
4060 1566 4251 1630 inclu-

445 1662 600 1727 dere
653 1681 789 1725 eam
849 1656 1228 1740 statuerit7).
1336 1658 1763 1724 Nihilominus
1816 1658 2217 1723 conscientia
2268 1659 2729 1725 maleficiorum
2779 1661 3059 1726 morderi
3115 1659 3687 1744 Clytaemnestram
3740 1684 3776 1728 e
3834 1667 4078 1730 somnio
4134 1667 4251 1733 illo

444 1762 601 1827 licet
649 1760 967 1844 intellegi,
1033 1758 1204 1843 quod
1258 1759 1611 1843 Sophocles
1672 1760 1731 1822 si
1784 1778 1906 1822 non
1962 1759 2165 1822 minus
2218 1760 2570 1824 ominosum
2623 1768 2693 1826 at
2742 1763 2946 1826 minus
2999 1760 3288 1825 terribile
3332 1759 3516 1825 fiuxit
3558 1782 3745 1846 quam
3789 1766 4246 1848 Aeschylus⁸):

447 1882 588 1927 cum
632 1863 801 1927 enim
842 1880 962 1945 per
1006 1879 1289 1924 somnum
1329 1859 1604 1924 vidisset
1643 1858 2148 1943 Clytaemnestra
2191 1862 2694 1943 Agamemnonis
2751 1873 3073 1947 sceptrum
3117 1860 3558 1941 frondescere,
3623 1874 3857 1928 metum
3908 1876 4105 1949 atque
4149 1886 4251 1931 an·

448 1982 686 2046 gorem‚
733 1962 962 2044 quibus
1007 1968 1311 2042 movetur,
1359 1960 1713 2044 aegerrime
1757 1958 2115 2024 dissimulat
2127 1958 2198 2042 ⁹).

747 2062 1068 2128 Electram
1103 2060 1458 2146 Sophocles
1504 2059 1772 2143 primum
1816 2059 2069 2143 quidem
2116 2059 2364 2125 fidelem
2411 2067 2477 2126 et
2519 2061 2692 2144 piam
2736 2060 2896 2126 facit
2937 2060 3150 2141 filiam,
3195 2081 3382 2144 quam
3426 2060 3691 2126 eandem
3723 2081 3867 2129 esse
3895 2065 4253 2149 Aeschylus

446 2166 510 2228 in
558 2162 957 2248 Choephoris
1000 2162 1342 2227 memoriae
1386 2159 1697 2244 prodidit:
1771 2160 1864 2224 ita
1900 2180 2025 2224 non
2072 2161 2274 2225 solum
2320 2163 2387 2224 in
2432 2162 2722 2225 maximis
2773 2160 3054 2225 luctibus
3111 2172 3276 2244 erat,
3336 2161 3507 2243 quod
3553 2169 3739 2245 pater
3780 2162 4024 2229 nefarie
4067 2169 4256 2231 truci-

449 2264 638 2329 datus
683 2272 873 2344 esset,
919 2263 1033 2328 sed
1077 2264 1270 2328 etiam
1316 2281 1493 2325 suam
1537 2260 1742 2344 ipsius
1785 2259 2102 2325 fortunam
2146 2263 2548 2343 querebatur,
2594 2262 2834 2346 quippe
2875 2281 3039 2345 quae
3079 2271 3255 2327 esset
3295 2261 3593 2344 neglecta
3635 2270 3827 2345 atque
3872 2276 4253 2350 contempta,

447 2363 715 2430 aedibus
758 2364 1046 2448 paternis
1090 2361 1223 2427 fere
1268 2361 1535 2446 expulsa
1576 2382 1654 2425 ac
1699 2362 1836 2426 vita
1875 2370 2177 2445 tanquam
2219 2362 2476 2444 privata
2492 2359 2589 2445 ¹⁰).
2660 2359 2816 2424 Cum
2855 2368 3065 2426 autem
3104 2359 3350 2424 invidia
3395 2362 3675 2446 odioque
3714 2363 3975 2429 arderet
4017 2385 4255 2446 eorum,

448 2465 557 2547 qui
601 2473 848 2547 patrem
891 2462 1298 2540 occidissent,
1347 2461 1533 2526 valde
1578 2463 1847 2546 optabat
1886 2469 1958 2526 ut
2000 2461 2202 2526 frater
2230 2460 2493 2541 rediret,
2538 2461 2824 2544 deosque
2854 2461 3085 2526 orabat
3121 2466 3187 2524 et
3223 2462 3625 2543 obsecrabat,
3669 2471 3741 2528 ut
3769 2463 4034 2529 caedem
4063 2474 4256 2550 atque

447 2563 828 2629 adulterium
879 2562 1467 2646 ulcisce1·entur¹¹);
1530 2563 1750 2627 nuntio
1796 2582 1951 2627 vero
1997 2562 2192 2626 allato
2236 2573 2554 2626 mortuum
2595 2581 2738 2627 esse
2780 2561 3041 2627 fratrem
3079 2561 3281 2625 luctui
3325 2582 3403 2627 ac
3460 2562 3667 2627 dolori
3710 2562 4004 2646 indulget
4045 2566 4257 2630 existi·

445 2686 623 2729 mans
655 2665 822 2729 diem
855 2682 1213 2746 supremum
1242 2662 1369 2727 sibi
1399 2682 1542 2728 esse
1587 2661 1942 2727 obeundum
1959 2660 2035 2743 12)
2072 2668 2136 2727 et
2166 2661 2654 2745 Chrysothemin
2685 2680 2972 2726 sororem
2987 2660 3062 2743 1²³)
3095 2660 3485 2743 adhortatur,
3530 2671 3602 2726 ut
3644 2664 4023 2745 cincinnum,
4069 2684 4255 2747 quem

442 2765 509 2827 in
571 2764 1066 2845 Agamemnonis
1112 2763 1349 2827 tumulo
1411 2764 1768 2844 invenerat,
1834 2782 1953 2847 pro
2010 2762 2209 2826 nihilo
2263 2759 2620 2844 habeat14).
2706 2761 2792 2826 Et
2842 2781 3072 2826 novum
3131 2762 3450 2845 quoddam
3494 2762 3747 2827 addidit
3790 2762 4145 2848 Sophocles
4189 2766 4257 2830 in

445 2861 866 2950 depingendis
934 2862 1234 2929 Electrae
1304 2864 1608 2946 moribus,
1673 2862 1742 2928 id
1797 2863 1969 2948 quod
2024 2865 2089 2927 in
2147 2862 2457 2945 Aeschyli
2510 2861 2910 2948 Choephoris
2964 2862 3272 2946 scriptum
3322 2884 3448 2928 non
3510 2863 3832 2932 videmus:
3905 2884 4028 2929 non
4097 2865 4256 2930 satis

442 2966 721 3030 habebat
764 2963 1026 3028 Electra
1070 2964 1250 3045 queri
1297 2971 1362 3028 et
1407 2962 1689 3046 precari,
1733 2964 1849 3028 sed
1895 2971 2026 3028 tam
2069 2961 2221 3030 forti
2268 2964 2476 3027 animo
2522 2973 2693 3043 erat,
2739 2974 2812 3028 ut
2852 2964 3206 3032 ulciscendi
3253 2964 3667 3048 cupiditatem
3714 2965 4079 3048 odiumque,
4129 2984 4254 3047 quo

447 3065 722 3144 arderet,
768 3073 834 3130 et
875 3083 947 3130 re
992 3078 1057 3128 et
1099 3063 1314 3129 verbis
1359 3063 1730 3146 patefacere
1772 3084 2087 3148 nusquam
2130 3074 2483 3131 vereretur.
2590 3057 2818 3129 Nonne
2863 3065 3009 3148 ipsa
3050 3064 3342 3131 Orestem
3381 3067 3670 3129 manibus
3715 3064 4258 3148 Clytaemnestrae

751 3382 798 3463 ¹)
846 3380 1023 3464 Soph.
1070 3380 1167 3446 ΕΙ.
1211 3378 1340 3441 444
1365 3401 1413 3443 8.
1500 3379 1724 3446 Aesch.
1771 3379 1990 3464 Coeph.
2035 3378 2165 3444 434
2187 3402 2234 3447 s.

750 3465 800 3547 ²)
847 3465 1026 3548 Soph.
1071 3464 1168 3527 El.
1214 3460 1568 3530 528-547.
1655 3465 1747 3529 Cf.
1796 3465 2216 3528 Schneidewin
2262 3464 2440 3548 Soph.
2488 3466 2586 3530 El.
2627 3487 2689 3548 p.
2736 3462 2843 3529 31.

749 3547 799 3630 3)
844 3547 1023 3631 Soph.
1069 3547 1165 3610 ΕΙ.
1205 3546 1559 3612 584-602,
1610 3547 1749 3613 197.
1839 3549 1929 3614 Cf.
1978 3548 2400 3611 Schneidewin
2446 3549 2624 3632 Soph.
2669 3547 2766 3612 El.
2812 3570 2873 3631 p.
2923 3547 3019 3612 17.
3087 3546 3510 3631 Naegelsbach
3552 3549 3593 3612 l.
3642 3549 3680 3612 Ι.
3739 3569 3796 3629 p.
3842 3544 3945 3611 34.
4014 3545 4261 3608 Drouke

451 3637 492 3700 l.
537 3637 576 3696 Ι.
624 3657 681 3718 p.
727 3632 828 3696 50.
919 3633 1296 3694 Sehoemann
1345 3633 1384 3694 Ι.
1430 3633 1469 3694 Ι,
1517 3655 1575 3715 p.
1619 3631 1721 3696 53.
1813 3633 2085 3695 Westrik
2128 3635 2168 3698 l.
2215 3634 2256 3698 1.
2301 3654 2361 3716 p.
2412 3631 2551 3696 113.

746 3716 804 3840 ἒ)
850 3715 1026 3799 Soph.
1072 3716 1169 3780 ΕΙ.
1215 3714 1441 3779 27188.

750 3883 776 4005 ξ
848 3798 1176 3966 §35:113
1221 3797 1445 3948 12ξὲ88.

748 3967 802 4134 83
848 3968 1028 4134 ἓξὲξ.
1072 3967 1170 4116 Ei.
1213 3965 1339 4113 {173
1357 3987 1568 4115 is423.
1657 4049 1749 4114 Of.
1793 4047 2057 4133 Gruppe.
2084 4050 2358 4113 Ariadne
2398 4069 2457 4130 p.
2506 4044 2572 4109 6:
2629 4049 2779 4121 „der
2822 4047 3043 4108 Traum
3090 4047 3170 4109 ist
3223 4046 3316 4108 bei
3357 4046 3708 4129 Aeschylus
3752 4043 4260 4125 allzuhandgreif-

448 4137 596 4213 lich;
640 4135 950 4216 hingegen
996 4135 1338 4216 ermangelt
1380 4155 1447 4195 er
1492 4133 1588 4194 bei
1631 4133 1963 4216 Sopbokles
2006 4135 2173 4195 nicht
2207 4133 2387 4213 jener
2432 4129 2984 4205 Unbestimmtheit,
3041 4130 3139 4191 die
3184 4152 3257 4192 zu
3294 4129 3481 4214 jeder
3521 4131 3870 4213 poetischeu
3916 4128 4260 4190 Vorbedeu-

448 4228 603 4302 tung
649 4219 1041 4282 erforderlich
1085 4219 1419 4293 erscheint‚
1486 4219 1682 4279 zumal
1729 4217 1946 4278 hedarf
1984 4238 2050 4278 es
2078 4217 2245 4300 jetzt
2283 4216 2436 4278 noch
2482 4222 2609 4276 erst
2651 4215 2761 4276 des
2804 4215 2991 4277 biisen
3038 4212 3391 4277 Gewissens
3439 4216 3549 4276 der
3594 4213 4105 4298 Clytaemnestra,
4159 4228 4262 4272 um

447 4305 551 4366 ihn
595 4303 1094 4384 verhiingnisvoll
1138 4325 1210 4363 zu
1254 4302 1521 4365 finden.“
1609 4300 1702 4366 Cf.
1755 4302 2051 4363 Wissowa
2094 4302 2134 4365 l.
2181 4301 2221 4363 Ι.
2265 4322 2328 4383 p.
2378 4299 2474 4362 12.
2564 4298 2988 4362 Schneidewin
3036 4298 3212 4381 Soph.
3259 4297 3357 4362 El.
3403 4320 3463 4381 p.
3512 4297 3611 4363 16.

753 4385 805 4471 ⁹)
853 4386 1031 4469 Soph.
1078 4386 1176 4452 ΕΙ.
1219 4383 1449 4449 40688.
1493 4383 1620 4447 426
1644 4406 1692 4449 8.
1739 4382 1964 4450 63888.

726 4470 778 4594 3
850 4471 1027 4554 Soph.
1074 4470 1173 4535 El.
1224 4467 1342 4533 103
1367 4491 1447 4533 ss.
1498 4467 1722 4534 12988.
1772 4467 1887 4529 147
1916 4489 1996 4532 88.
2048 4464 2258 4529 16488.
2308 4463 2425 4528 187
2454 4488 2533 4531 88.
2577 4464 2703 4530 207
2720 4487 2800 4530 88.
2844 4464 2971 4529 242
2995 4487 3075 4532 88.
3120 4462 3247 4528 262
3275 4485 3357 4529 88.

725 4637 777 4676 ¹²
851 4553 1030 4721 ἓξὲξ.
1074 4554 1173 4703 El.
1219 4551 1343 4700 (15744.
1365 4573 1444 4699 εἰ.
1490 4550 1737 4701 {ogi-38⁸3.
1768 4550 1942 4697 1821Β
1944 4549 2264 4698 ειι8.8.2019οί857ἵξ
2287 4655 2368 4698 ss.
2438 4631 2601 4697 1136
2626 4654 2705 4697 ss.
2794 4631 2895 4698 of.
2948 4632 3246 4695 Wissowa
3289 4634 3329 4695 Ι.
3374 4631 3415 4694 Ι.
3457 4652 3517 4713 p.
3568 4629 3688 4695 14:
3762 4628 3997 4704 „Multo
4061 4631 4265 4688 autem

450 4721 780 4806 sapientius
823 4722 1147 4806 Sophocles
1190 4721 1522 4783 instituisse
1563 4719 1707 4780 mihi
1752 4719 2007 4794 videtur,
2053 4720 2210 4800 quod
2253 4718 2566 4781 Electram
2610 4721 2674 4780 et
2717 4717 2736 4777 i
2780 4736 2911 4778 sam
2955 4717 3107 4779 falso
3150 4717 3228 4777 de
3274 4714 3477 4776 fratris
3520 4733 3677 4775 nece
3712 4711 3923 4774 nuntio
3953 4711 4268 4808 deceptam

450 4806 710 4871 induxit.
796 4806 896 4867 Ita
959 4827 1106 4867 vere
1170 4806 1565 4887 plangentem
1619 4823 1753 4865 eam
1805 4804 2081 4864 videmus
2136 4804 2313 4884 eique
2365 4802 2614 4864 invento
2665 4738 2957 4862 degemus
3010 4800 3466 4862 celeberrimam
3521 4799 3688 4859 illam
3747 4801 3812 4858 et
3856 4795 4266 4856 mollissimam

451 4890 740 4954 Electrae
785 4893 1019 4953 eineres
1067 4889 1272 4949 fratris
1313 4889 1590 4950 manibus
1634 4887 1988 4969 complexae
2031 4887 2585 4950 lamentationem.“
2672 4883 2766 4948 Cf.
2811 4883 2940 4946 Gru
2983 4904 3062 4966 pe
3106 4885 3217 4947 Ar.
3260 4904 3318 4965 p.
3362 4882 3402 4946 8
3427 4901 3508 4945 88.
4255 4905 4259 4914 ’

728 4971 804 5055 ¹⁸)
849 4974 1201 5056 Aeschylus
1263 4971 1418 5034 filias
1481 4973 1957 5052 Agamemnonis
2021 4976 2445 5034 commemorat
2512 4969 2713 5032 nullas
2777 4968 2893 5030 nisi
2991 4967 3336 5050 phigeniam
3403 4975 3471 5027 et
3528 4965 3870 5038 Electram3
3945 4959 4269 5057 Sophocles

450 5061 733 5140 quattuor
774 5056 1251 5138 Agamemnonis
1292 5055 1551 5117 filiarum
1598 5055 1740 5117 facit
1778 5055 2171 5130 mentionem,
2218 5053 2764 5137 Chrysothemidis‚
2809 5051 3113 5127 Electrae,
3168 5051 3593 5134 Iphianassae‚
3667 5082 3751 5094 --
3820 5064 3975 5128 quae
4022 5045 4269 5127 quidem

451 5149 579 5204 tres
617 5144 693 5203 ab
736 5141 1003 5204 Homero
1048 5147 1481 5203 enumerantur
1514 5138 1589 5200 Il.
1635 5137 1751 5210 IX,
1803 5137 1924 5201 144
1944 5159 2035 5205 ss:
2107 5138 2408 5202 Laodicen
2462 5141 2673 5221 postea
2717 5136 3085 5200 nominatam
3129 5155 3269 5197 esse
3311 5134 3622 5197 Electram
3670 5150 3854 5214 supra
3898 5130 4260 5192 demonstra-

450 5226 648 5288 vimus
679 5247 746 5372 ἒ.
792 5224 852 5322 7.
918 5262 1002 5273 -
1043 5224 1426 5308 Iphigeniae:
1472 5243 1612 5285 nam
1654 5222 1932 5366 diffluxit
1972 5221 2352 5307 Iphigeniam
2398 5222 2474 5284 ab
2516 5222 2876 5304 Iphianassa
2918 5227 3164 5283 secutus
3194 5216 3554 5302 Cypriorum
3585 5221 3912 5279 auctorem.
3986 5212 4081 5278 Cf.
4114 5211 4271 5274 Her-

450 5329 634 5372 Μ
728 5305 1757 5477 ιῖῗΡέοᾷΙΡ·Εᾞ“ῑὸὲοΡ...ΧΧΧν·
